Order ID;Order Date;Order Quantity;Sales;Ship Mode;Profit;Unit Price;Customer Name;Customer Segment;Product Category;;;;;;;;
3;10/13/10;6;261.54;Regular Air;-213.25;38.94;Muhammed MacIntyre;Small Business;Office Supplies;;;;;;;;
6;2/20/12;2;6.93;Regular Air;-4.64;2.08;Ruben Dartt;Corporate;Office Supplies;;;;;;;;
32;7/15/11;26;2,808.08;Regular Air;1,054.82;107.53;Liz Pelletier;Corporate;Furniture;;;;;;;;
32;7/15/11;24;1,761.40;Delivery Truck;-1,748.56;70.89;Liz Pelletier;Corporate;Furniture;;;;;;;;
32;7/15/11;23;160.23;Regular Air;-85.13;7.99;Liz Pelletier;Corporate;Technology;;;;;;;;
32;7/15/11;15;140.56;Regular Air;-128.38;8.46;Liz Pelletier;Corporate;Technology;;;;;;;;
35;10/22/11;30;288.56;Regular Air;60.72;9.11;Julie Creighton;Corporate;Office Supplies;;;;;;;;
35;10/22/11;14;1,892.85;Regular Air;48.99;155.99;Julie Creighton;Corporate;Technology;;;;;;;;
36;11/2/11;46;2,484.75;Regular Air;657.48;65.99;Sample Company A;Home Office;Technology;;;;;;;;
65;3/17/11;32;3,812.73;Regular Air;1,470.30;115.79;Tamara Dahlen;Corporate;Technology;;;;;;;;
32;7/15/08;26;;Regular Air;;107.53;Liz Pelletier;Corporate;Furniture;;;;;;;;
32;7/15/08;24;;Delivery Truck;;70.89;Liz Pelletier;Corporate;Furniture;;;;;;;;
32;7/15/08;23;;Regular Air;;7.99;Liz Pelletier;Corporate;Technology;;;;;;;;
32;7/15/08;15;;Regular Air;;8.46;Liz Pelletier;Corporate;Technology;;;;;;;;
35;10/22/08;30;;Regular Air;;9.11;Julie Creighton;Corporate;Office Supplies;;;;;;;;
35;10/22/08;14;;Regular Air;;155.99;Julie Creighton;Corporate;Technology;;;;;;;;
36;10/22/08;46;;Regular Air;;65.99;Sample Company A;Home Office;Technology;;;;;;;;
65;10/22/08;32;;Regular Air;;115.79;Tamara Dahlen;Corporate;Technology;;;;;;;;
66;1/19/09;41;108.15;Regular Air;7.57;2.88;Arthur Gainer;Consumer;Office Supplies;;;;;;;;
69;6/3/09;42;1,186.06;Regular Air;511.69;30.93;Jonathan Doherty;Corporate;Furniture;;;;;;;;
69;6/3/09;28;51.53;Express Air;0.35;1.68;Jonathan Doherty;Corporate;Office Supplies;;;;;;;;
70;12/17/10;48;90.05;Regular Air;-107.00;1.86;Helen Wasserman;Home Office;Office Supplies;;;;;;;;
70;12/17/10;46;7,804.53;Regular Air;2,057.17;205.99;Helen Wasserman;Home Office;Technology;;;;;;;;
96;4/16/09;37;4,158.12;Regular Air;1,228.89;125.99;Keith Dawkins;Home Office;Technology;;;;;;;;
97;1/28/10;26;75.57;Regular Air;28.24;2.89;Craig Yedwab;Consumer;Office Supplies;;;;;;;;
129;11/18/12;4;32.72;Regular Air;-22.59;6.48;Pauline Chand;Corporate;Office Supplies;;;;;;;;
130;5/7/12;3;461.89;Express Air;-309.82;150.98;Roy Collins;Corporate;Technology;;;;;;;;
130;5/7/12;29;575.11;Regular Air;71.75;18.97;Roy Collins;Corporate;Office Supplies;;;;;;;;
130;5/7/12;23;236.46;Regular Air;-134.31;9.71;Roy Collins;Corporate;Office Supplies;;;;;;;;
132;6/10/10;27;192.81;Regular Air;-86.20;7.99;Emily Phan;Consumer;Technology;;;;;;;;
132;6/10/10;30;4,011.65;Delivery Truck;-603.80;130.98;Emily Phan;Consumer;Furniture;;;ID;Name;Department;Salary;Bonus;Total Compensation
134;4/30/12;11;1,132.60;Regular Air;-310.21;95.99;Michael Dominguez;Home Office;Office Supplies;;;1;John Doe;Sales;50,000;5,000;55,000
135;10/20/11;25;125.85;Regular Air;-89.25;4.98;Anne Pryor;Consumer;Technology;;;2;Jane Smith;Marketing;54,000;6,000;60,000
166;9/11/11;10;567.94;Express Air;-126.09;65.99;Valerie Takahito;Consumer;Technology;;;3;Alice Lee;HR;48,000;4,800;52,800
193;8/7/10;14;174.89;Regular Air;-37.04;12.44;Justin Hirsh;Consumer;Office Supplies;;;4;Bob Brown;IT;62,000;6,200;68,200
194;4/4/12;49;329.03;Regular Air;-197.25;7.28;Maria Zettner;Corporate;Furniture;;;5;Tom White;Finance;71,000;7,100;78,100
194;4/4/12;6;20.19;Regular Air;-13.44;3.14;Maria Zettner;Corporate;Office Supplies;;;6;Mary Black;Legal;55,000;5,500;60,500
195;12/27/10;34;1,315.74;Regular Air;260.87;36.55;Brad Thomas;Home Office;Office Supplies;;;7;Rick Stone;Operations;63,000;6,300;69,300
197;4/6/11;23;310.52;Regular Air;33.22;12.98;Penelope Sewall;Home Office;Office Supplies;;;8;Ann Bright;Sales;52,000;5,200;57,200
224;6/17/09;25;184.86;Regular Air;-33.95;7.38;Bart Folk;Corporate;Furniture;;;9;Gary Scott;Marketing;48,000;4,800;52,800
224;6/17/09;44;267.85;Regular Air;-65.43;5.98;Bart Folk;Corporate;Office Supplies;;;10;Sue North;HR;47,000;4,700;51,700
224;6/17/09;33;528.50;Regular Air;-149.92;15.42;Bart Folk;Corporate;Office Supplies;;;11;Max Hall;IT;61,000;6,100;67,100
225;5/24/11;24;126.58;Regular Air;18.27;5.58;Karen Ferguson;Home Office;Office Supplies;;;12;Lily Young;Finance;74,000;7,400;81,400
225;5/24/11;1;23.70;Regular Air;-8.97;19.84;Karen Ferguson;Home Office;Office Supplies;;;13;Jim South;Legal;53,000;5,300;58,300
229;12/28/10;43;586.11;Regular Air;98.44;12.64;Matt Abelman;Consumer;Furniture;;;14;Paul West;Operations;67,000;6,700;73,700
229;12/28/10;24;599.10;Regular Air;3.82;24.92;Peter Fuller;Consumer;Office Supplies;;;15;Kim Ray;Sales;56,000;5,600;61,600
230;10/26/10;47;2,029.75;Regular Air;320.37;43.98;Erin Creighton;Corporate;Office Supplies;;;16;Tom Lane;Marketing;49,000;4,900;53,900
230;10/26/10;11;1,118.40;Regular Air;-212.33;125.99;Erin Creighton;Corporate;Technology;;;17;Kate King;HR;45,000;4,500;49,500
231;9/28/09;2;689.74;Regular Air;-490.84;363.25;Sean Braxton;Small Business;Office Supplies;;;18;Sam Moon;IT;65,000;6,500;71,500
258;12/28/10;21;154.35;Regular Air;-91.14;6.48;Liz Willingham;Home Office;Office Supplies;;;19;Tina Lake;Finance;73,000;7,300;80,300
258;12/28/10;7;201.36;Delivery Truck;-284.40;20.98;Liz Willingham;Home Office;Office Supplies;;;20;Jake Star;Legal;54,000;5,400;59,400
258;12/28/10;33;216.77;Regular Air;-55.11;6.54;Liz Willingham;Home Office;Office Supplies;;;21;Lisa Light;Operations;68,000;6,800;74,800
261;6/28/10;47;5,677.61;Regular Air;1,680.79;140.99;Sonia Sunley;Small Business;Technology;;;22;Ray Sun;Sales;51,000;5,100;56,100
263;5/16/09;25;136.77;Regular Air;-136.25;5.40;Paul Lucas;Corporate;Office Supplies;;;23;Mia Rose;Marketing;47,000;4,700;51,700
290;1/5/09;24;188.73;Regular Air;-32.48;7.64;Dorris Love;Home Office;Office Supplies;;;24;Lee Park;HR;49,000;4,900;53,900
292;1/12/12;43;412.62;Regular Air;175.54;9.90;Valerie Takahito;Consumer;Office Supplies;;;25;Carl Snow;IT;60,000;6,000;66,000
293;10/1/12;49;10,123.02;Delivery Truck;457.81;208.16;Barry French;Consumer;Office Supplies;;;26;Zoe Rain;Finance;75,000;7,500;82,500
293;10/1/12;27;244.57;Regular Air;46.71;8.69;Barry French;Consumer;Office Supplies;;;27;Don Cloud;Legal;53,000;5,300;58,300
294;7/15/10;35;6,375.28;Regular Air;489.02;193.17;Sanjit Chand;Home Office;Office Supplies;;;28;Eva Sea;Operations;67,000;6,700;73,700
322;3/18/12;20;2,634.86;Regular Air;257.76;155.99;Giulietta Weimer;Corporate;Technology;;;29;Leo Wind;Sales;52,000;5,200;57,200
322;3/18/12;46;281;Regular Air;-291.59;6.48;Giulietta Weimer;Corporate;Office Supplies;;;30;Amy Frost;Marketing;48,000;4,800;52,800
323;3/25/09;20;108.09;Regular Air;25.76;5.68;Dario Medina;Small Business;Office Supplies;;;31;Hal Fire;HR;46,000;4,600;50,600
323;3/25/09;2;55.34;Regular Air;-31.24;22.84;Dario Medina;Small Business;Office Supplies;;;32;Eve Stone;IT;62,000;6,200;68,200
324;3/19/12;25;3,872.63;Regular Air;667.33;179.99;Frank Gastineau;Small Business;Technology;;;33;Ken Sand;Finance;76,000;7,600;83,600
325;10/16/10;9;884.13;Regular Air;-178.71;115.99;Craig Yedwab;Corporate;Technology;;;34;Pat Gold;Legal;51,000;5,100;56,100
326;6/3/11;34;218.27;Regular Air;-44.14;5.99;Michelle Tran;Consumer;Office Supplies;;;35;Van Star;Operations;64,000;6,400;70,400
326;6/3/11;17;100.95;Regular Air;-21.30;5.81;Michelle Tran;Consumer;Office Supplies;;;36;Lily Dew;Sales;58,000;5,800;63,800
353;12/30/10;21;46.94;Regular Air;3.88;2.21;Dean Percer;Home Office;Office Supplies;;;37;Hank Tall;Marketing;49,000;4,900;53,900
355;6/13/09;16;1,239.63;Regular Air;-172.55;85.99;Henry MacAllister;Small Business;Technology;;;38;Kim Blue;HR;48,000;4,800;52,800
358;9/19/10;33;1,640.90;Delivery Truck;-1,348.06;48.58;Ricardo Block;Corporate;Furniture;;;39;Rob Dark;IT;63,000;6,300;69,300
358;9/19/10;33;1,235.87;Regular Air;269.27;39.48;Ricardo Block;Corporate;Technology;;;40;Jan Grass;Finance;71,000;7,100;78,100
359;12/18/09;30;3,659.66;Delivery Truck;-500.38;124.49;Cari Sayre;Corporate;Furniture;;;41;Rex Snow;Legal;54,000;5,400;59,400
384;3/2/12;50;7,666.04;Delivery Truck;-1,820.84;146.05;Sonia Cooley;Corporate;Furniture;;;42;Liv Star;Operations;65,000;6,500;71,500
386;1/24/11;4;14.96;Regular Air;-0.03;3.69;Tracy Poddar;Corporate;Office Supplies;;;43;Meg Moon;Sales;57,000;5,700;62,700
386;1/24/11;4;15.69;Regular Air;-1.59;3.85;Tracy Poddar;Corporate;Office Supplies;;;44;Tim North;Marketing;46,000;4,600;50,600
388;12/15/12;46;517.93;Regular Air;-94.73;11.70;Jennifer Halladay;Home Office;Office Supplies;;;45;Pam West;HR;50,000;5,000;55,000
416;9/26/10;20;1,156.67;Express Air;88.52;65.99;Stuart Calhoun;Consumer;Technology;;;46;Sam Light;IT;60,000;6,000;66,000
417;2/5/09;39;15,260.78;Delivery Truck;8,734.88;500.98;Robert Barroso;Small Business;Technology;;;47;Ben Rain;Finance;77,000;7,700;84,700
417;2/5/09;3;540.41;Regular Air;-170.98;178.47;Robert Barroso;Small Business;Office Supplies;;;48;Roy Cloud;Legal;52,000;5,200;57,200
420;10/30/11;8;43.29;Regular Air;-20.69;4.98;Tony Sayre;Small Business;Office Supplies;;;49;Zoe Hill;Operations;66,000;6,600;72,600
420;10/30/11;6;41.70;Regular Air;-14.56;5.78;Tony Sayre;Small Business;Office Supplies;;;50;Pat Rock;Sales;54,000;5,400;59,400
448;8/20/11;22;1,162.40;Regular Air;-284.63;65.99;Brad Thomas;Corporate;Technology;;;;Total;;2,805,000;280,500;3,085,500
449;7/19/11;45;356.70;Regular Air;-48.97;7.38;Candace McMahon;Corporate;Furniture;;;;;;;;
450;3/4/11;29;1,000.78;Express Air;109.33;34.58;Matt Collins;Consumer;Office Supplies;;;;;;;;
450;3/4/11;35;543.72;Regular Air;-211.13;15.70;Matt Collins;Consumer;Office Supplies;;;;;;;;
454;12/26/11;42;234.20;Regular Air;56.22;6.08;Darrin Martin;Small Business;Office Supplies;;;;;;;;
481;10/7/12;44;4,509.38;Regular Air;1,426.26;115.99;Art Foster;Home Office;Technology;;;;;;;;
483;7/10/11;30;4,965.76;Regular Air;1,198.97;195.99;Clay Rozendal;Corporate;Technology;;;;;;;;
487;8/17/12;19;210.40;Regular Air;-18.96;10.89;Valerie Dominguez;Corporate;Office Supplies;;;;;;;;
512;5/19/11;6;1,309.53;Regular Air;19.18;218.08;Sam Craven;Home Office;Furniture;;;;;;;;
512;5/19/11;48;806.37;Express Air;-166.40;15.42;Sam Craven;Home Office;Office Supplies;;;;;;;;
513;4/30/11;33;5,437.92;Delivery Truck;-684.57;150.89;Arthur Prichep;Home Office;Furniture;;;;;;;;
515;8/28/10;19;394.27;Regular Air;30.94;21.78;Carlos Soltero;Consumer;Office Supplies;;;;;;;;
515;8/28/10;21;146.69;Regular Air;4.43;6.64;Carlos Soltero;Consumer;Furniture;;;;;;;;
548;9/20/09;41;129.49;Regular Air;36.02;3.08;Sung Chung;Home Office;Office Supplies;;;;;;;;
548;9/20/09;29;202.95;Regular Air;-50.64;6.48;Sung Chung;Home Office;Office Supplies;;;;;;;;
548;9/20/09;26;2,753.19;Regular Air;510.49;125.99;Sung Chung;Home Office;Technology;;;;;;;;
549;7/12/12;13;70.24;Regular Air;-59.75;4.98;Ken Brennan;Consumer;Office Supplies;;;;;;;;
549;7/12/12;5;40.75;Regular Air;-27.57;6.48;Ken Brennan;Consumer;Office Supplies;;;;;;;;
549;7/12/12;30;1,150.88;Express Air;-911.56;38.94;Ken Brennan;Consumer;Office Supplies;;;;;;;;
610;8/1/11;38;283.65;Express Air;-29.21;6.68;Joe Elijah;Home Office;Office Supplies;;;;;;;;
611;1/26/10;47;840.04;Regular Air;-131.27;17.70;Arthur Prichep;Home Office;Office Supplies;;;;;;;;
612;10/20/12;50;262.87;Regular Air;-166.29;5.28;Sheri Gordon;Corporate;Office Supplies;;;;;;;;
612;10/20/12;43;2,531.09;Regular Air;881.68;65.99;Sheri Gordon;Corporate;Technology;;;;;;;;
613;6/17/11;12;93.54;Regular Air;-54.04;7.30;Carl Jackson;Corporate;Office Supplies;;;;;;;;
613;6/17/11;22;905.08;Regular Air;127.70;42.76;Carl Jackson;Corporate;Office Supplies;;;;;;;;
614;11/30/12;41;628.22;Regular Air;163.81;14.34;Dave Hallsten;Corporate;Furniture;;;;;;;;
614;11/30/12;24;3,366.10;Delivery Truck;-335.32;138.75;Dave Hallsten;Corporate;Furniture;;;;;;;;
640;1/22/10;39;4,913.69;Delivery Truck;-1,153.90;120.98;Tamara Chand;Consumer;Furniture;;;;;;;;
640;1/22/10;24;464.77;Regular Air;29.42;18.97;Tamara Chand;Consumer;Office Supplies;;;;;;;;
643;3/24/11;21;2,781.82;Express Air;-695.26;138.14;Monica Federle;Corporate;Office Supplies;;;;;;;;
644;4/30/12;5;1,679.58;Delivery Truck;-171.92;320.98;Bill Eplett;Corporate;Furniture;;;;;;;;
645;12/2/09;42;557.85;Regular Air;89.45;12.95;Harold Engle;Consumer;Office Supplies;;;;;;;;
646;11/21/09;18;173.20;Regular Air;-10.90;9.31;Duane Huffman;Small Business;Office Supplies;;;;;;;;
678;2/26/10;44;228.41;Regular Air;-226.36;4.98;Dorothy Badders;Home Office;Office Supplies;;;;;;;;
706;9/8/11;42;75.14;Regular Air;0.82;1.76;Sarah Jordon;Consumer;Office Supplies;;;;;;;;
710;1/1/10;42;161.77;Regular Air;-150.37;3.58;Susan MacKendrick;Corporate;Office Supplies;;;;;;;;
710;1/1/10;11;447.09;Regular Air;89.03;41.32;Susan MacKendrick;Corporate;Furniture;;;;;;;;
710;1/1/10;29;4,192.88;Delivery Truck;731.32;145.45;Susan MacKendrick;Corporate;Technology;;;;;;;;
738;3/1/10;7;560.51;Regular Air;32.60;80.98;Caroline Jumper;Corporate;Office Supplies;;;;;;;;
738;3/1/10;31;189.95;Regular Air;-56.68;6.48;Caroline Jumper;Corporate;Office Supplies;;;;;;;;
740;7/15/11;6;28.01;Regular Air;3.46;4.98;Thomas Boland;Corporate;Office Supplies;;;;;;;;
769;6/1/10;37;4,261.94;Delivery Truck;4.15;115.99;Roy French;Consumer;Technology;;;;;;;;
771;6/16/11;18;88.84;Regular Air;-38.35;4.98;Darrin Van Huff;Home Office;Office Supplies;;;;;;;;
772;4/16/10;35;589.24;Regular Air;-38.35;17.52;Pamela Stobb;Consumer;Office Supplies;;;;;;;;
772;4/16/10;25;233.05;Regular Air;86.93;9.90;Pamela Stobb;Consumer;Office Supplies;;;;;;;;
773;9/25/10;38;2,071.34;Regular Air;324.93;65.99;Helen Abelman;Home Office;Technology;;;;;;;;
774;12/3/11;17;126.57;Regular Air;-752.13;4.48;Sibella Parks;Small Business;Office Supplies;;;;;;;;
775;3/17/11;35;43.57;Regular Air;-19.17;1.26;Peter McVee;Small Business;Office Supplies;;;;;;;;
775;3/17/11;8;31.87;Regular Air;-1.25;4.26;Peter McVee;Small Business;Office Supplies;;;;;;;;
801;2/17/12;20;59.85;Regular Air;-47.41;2.74;Thais Sissman;Corporate;Office Supplies;;;;;;;;
802;1/4/11;33;378.60;Regular Air;12.72;11.70;Kean Nguyen;Corporate;Office Supplies;;;;;;;;
802;1/4/11;2;38.50;Regular Air;-52.14;15.99;Kean Nguyen;Corporate;Technology;;;;;;;;
805;7/4/11;39;197.56;Regular Air;-119.86;4.97;Toby Swindell;Small Business;Furniture;;;;;;;;
807;11/23/10;45;196.85;Regular Air;-166.85;4.28;Neola Schneider;Home Office;Office Supplies;;;;;;;;
807;11/23/10;32;124.56;Regular Air;-14.33;3.95;Neola Schneider;Home Office;Office Supplies;;;;;;;;
832;4/18/12;7;53.46;Regular Air;-17.58;6.48;Alice McCarthy;Corporate;Office Supplies;;;;;;;;
833;2/12/09;1;19.32;Regular Air;-20.32;12.53;Olvera Toch;Home Office;Office Supplies;;;;;;;;
834;5/22/09;15;1,813.04;Delivery Truck;-164.40;115.99;Eugene Moren;Home Office;Technology;;;;;;;;
835;10/7/11;18;125.16;Regular Air;-23.48;6.48;Duane Huffman;Small Business;Office Supplies;;;;;;;;
837;6/14/09;11;65.70;Regular Air;13.41;5.84;Sean O'Donnell;Corporate;Office Supplies;;;;;;;;
868;6/8/12;32;716.84;Regular Air;134.72;21.78;Carlos Daly;Home Office;Office Supplies;;;;;;;;
868;6/8/12;31;1,474.33;Regular Air;114.46;47.98;Carlos Daly;Home Office;Technology;;;;;;;;
870;6/19/10;23;1,661.04;Regular Air;475.54;70.97;Valerie Dominguez;Corporate;Office Supplies;;;;;;;;
871;11/14/11;17;104.94;Regular Air;-34.97;6.24;David Kendrick;Home Office;Furniture;;;;;;;;
896;3/8/10;50;1,246.52;Regular Air;52.48;24.92;Edward Nazzal;Home Office;Office Supplies;;;;;;;;
898;6/2/10;40;676.13;Regular Air;45.39;15.98;Sanjit Jacobs;Consumer;Technology;;;;;;;;
898;6/2/10;26;7,668.55;Delivery Truck;-715.78;296.18;Sanjit Jacobs;Consumer;Furniture;;;;;;;;
900;9/30/09;29;1,193.65;Regular Air;507.58;40.98;Karen Carlisle;Home Office;Office Supplies;;;;;;;;
902;7/26/09;10;1,925.83;Regular Air;359.83;207.48;Meg O'Connel;Corporate;Office Supplies;;;;;;;;
928;3/1/11;21;1,222.68;Express Air;300.97;59.98;Anthony O'Donnell;Consumer;Office Supplies;;;;;;;;
928;3/1/11;26;390.20;Express Air;45.00;14.58;Anthony O'Donnell;Consumer;Furniture;;;;;;;;
929;10/1/12;21;227.66;Regular Air;-100.16;10.97;Luke Foster;Corporate;Technology;;;;;;;;
929;10/1/12;39;84.33;Regular Air;-64.29;2.08;Luke Foster;Corporate;Office Supplies;;;;;;;;
930;12/16/09;22;922.39;Express Air;-41.64;41.32;Phillina Ober;Small Business;Furniture;;;;;;;;
930;12/16/09;11;79.19;Regular Air;13.91;6.88;Phillina Ober;Small Business;Office Supplies;;;;;;;;
933;8/4/12;15;80.61;Regular Air;-4.72;5.28;Claudia Miner;Small Business;Office Supplies;;;;;;;;
960;9/20/09;46;605.97;Regular Air;-22.72;13.73;Jim Kriz;Consumer;Furniture;;;;;;;;
962;5/5/09;33;4,064.05;Regular Air;1,408.19;122.99;Mike Vittorini;Small Business;Office Supplies;;;;;;;;
962;5/5/09;47;3,213.87;Delivery Truck;-1,069.72;68.81;Mike Vittorini;Small Business;Office Supplies;;;;;;;;
964;5/19/11;50;315.02;Regular Air;95.16;5.98;Stefania Perrino;Corporate;Office Supplies;;;;;;;;
964;5/19/11;4;40.02;Regular Air;-1.28;9.93;Stefania Perrino;Corporate;Office Supplies;;;;;;;;
965;5/14/11;42;11,230.25;Delivery Truck;-679.04;280.98;Jas O'Carroll;Corporate;Furniture;;;;;;;;
967;6/20/12;6;90.56;Regular Air;-37.58;13.99;Maureen Gastineau;Consumer;Technology;;;;;;;;
967;6/20/12;42;1,634.90;Regular Air;502.42;37.74;Maureen Gastineau;Consumer;Office Supplies;;;;;;;;
967;6/20/12;48;11,278.18;Delivery Truck;1,836.81;227.55;Maureen Gastineau;Consumer;Furniture;;;;;;;;
994;4/19/09;38;132.07;Regular Air;14.00;3.58;Kelly Lampkin;Corporate;Office Supplies;;;;;;;;
995;5/30/11;46;1,815.49;Regular Air;782.91;39.89;Neola Schneider;Home Office;Furniture;;;;;;;;
998;11/25/09;16;248.26;Regular Air;93.80;15.74;Allen Rosenblatt;Small Business;Office Supplies;;;;;;;;
999;9/4/10;6;583.64;Regular Air;-179.50;95.43;Max Jones;Home Office;Office Supplies;;;;;;;;
1,027;6/2/12;19;1,406.15;Delivery Truck;-379.10;70.98;Hallie Redmond;Home Office;Furniture;;;;;;;;
1,028;1/5/09;6;165.75;Regular Air;-28.46;28.48;Matt Collins;Consumer;Technology;;;;;;;;
1,028;1/5/09;11;2,021.15;Regular Air;-60.39;205.99;Matt Collins;Consumer;Technology;;;;;;;;
1,031;8/31/09;34;226.10;Regular Air;-52.21;6.37;Sanjit Jacobs;Consumer;Office Supplies;;;;;;;;
1,057;2/19/12;41;341.36;Regular Air;-52.48;8.46;Anthony Witt;Corporate;Technology;;;;;;;;
1,058;4/25/10;3;469.44;Regular Air;-888.16;195.99;Jim Epp;Small Business;Technology;;;;;;;;
1,059;2/26/09;22;127.33;Regular Air;5.30;5.34;Sean O'Donnell;Corporate;Office Supplies;;;;;;;;
1,059;2/26/09;24;990.10;Regular Air;310.22;40.98;Sean O'Donnell;Corporate;Office Supplies;;;;;;;;
1,060;2/20/10;30;1,187.55;Regular Air;532.61;37.70;Harold Dahlen;Corporate;Office Supplies;;;;;;;;
1,088;5/20/12;13;269.02;Regular Air;-112.00;20.97;Muhammed Yedwab;Consumer;Technology;;;;;;;;
1,095;8/21/11;28;142.18;Regular Air;-50.14;4.98;Ed Braxton;Consumer;Office Supplies;;;;;;;;
1,127;9/18/11;48;5,340.50;Regular Air;1,215.28;110.98;Stuart Calhoun;Consumer;Furniture;;;;;;;;
1,154;2/14/12;44;4,462.23;Delivery Truck;440.72;100.98;Sylvia Foulston;Home Office;Furniture;;;;;;;;
1,154;2/14/12;11;663.78;Regular Air;-481.04;71.37;Sylvia Foulston;Home Office;Furniture;;;;;;;;
1,154;2/14/12;23;115.10;Regular Air;53.13;4.91;Thea Hendricks;Home Office;Office Supplies;;;;;;;;
1,154;2/14/12;7;516.65;Express Air;57.10;70.97;Thea Hendricks;Home Office;Office Supplies;;;;;;;;
1,185;8/23/12;7;374.78;Regular Air;20.03;55.48;Ionia McGrath;Home Office;Office Supplies;;;;;;;;
1,187;11/19/12;14;222.91;Regular Air;20.21;15.98;Guy Armstrong;Corporate;Technology;;;;;;;;
1,189;4/8/09;27;129.10;Regular Air;-59.82;4.42;Aaron Smayling;Small Business;Office Supplies;;;;;;;;
1,191;11/6/11;35;3,532.96;Delivery Truck;-243.60;100.80;Karl Brown;Home Office;Furniture;;;;;;;;
1,217;4/25/12;25;662.16;Regular Air;185.21;28.48;Sung Shariari;Corporate;Technology;;;;;;;;
1,218;6/19/09;3;46.46;Regular Air;-25.13;14.42;Craig Carroll;Corporate;Office Supplies;;;;;;;;
1,221;4/18/12;1;14.68;Regular Air;-13.78;8.60;Lela Donovan;Corporate;Office Supplies;;;;;;;;
1,221;4/18/12;11;10,145.14;Regular Air;3,724.57;896.99;Lela Donovan;Corporate;Office Supplies;;;;;;;;
1,221;4/18/12;16;68.45;Regular Air;-57.88;4.24;Lela Donovan;Corporate;Office Supplies;;;;;;;;
1,222;2/4/10;48;257.39;Regular Air;-121.91;5.28;Nicole Brennan;Home Office;Office Supplies;;;;;;;;
1,253;1/25/10;15;494.34;Regular Air;-30.19;31.98;Tanja Norvell;Consumer;Office Supplies;;;;;;;;
1,280;1/10/10;40;827.27;Regular Air;-170.87;20.97;Harold Dahlen;Corporate;Technology;;;;;;;;
1,282;2/27/12;26;892.38;Regular Air;366.48;31.78;Emily Grady;Home Office;Technology;;;;;;;;
1,282;2/27/12;10;29.41;Regular Air;-2.06;2.78;Emily Grady;Home Office;Office Supplies;;;;;;;;
1,285;5/31/12;27;3,874.12;Delivery Truck;-305.98;130.98;Sally Matthias;Corporate;Furniture;;;;;;;;
1,285;5/31/12;8;1,452.22;Delivery Truck;-277.29;218.75;Sally Matthias;Corporate;Furniture;;;;;;;;
1,286;5/13/10;46;234.37;Regular Air;-144.68;5.18;Lena Creighton;Home Office;Office Supplies;;;;;;;;
1,286;5/13/10;14;1,000.36;Regular Air;229.78;85.99;Lena Creighton;Home Office;Technology;;;;;;;;
1,287;7/4/09;39;3,908.65;Regular Air;480.57;105.29;Mitch Willingham;Corporate;Furniture;;;;;;;;
1,313;9/12/09;34;840.07;Regular Air;-83.75;22.84;Sally Matthias;Home Office;Office Supplies;;;;;;;;
1,314;5/12/09;4;42.58;Regular Air;-7.61;9.27;Justin Knight;Corporate;Office Supplies;;;;;;;;
1,317;5/18/11;44;523.42;Regular Air;39.42;11.70;Janet Lee;Consumer;Office Supplies;;;;;;;;
1,317;5/18/11;40;192.54;Regular Air;-186.73;4.98;Janet Lee;Consumer;Office Supplies;;;;;;;;
1,317;5/18/11;29;156.70;Regular Air;-76.64;5.28;Janet Lee;Consumer;Office Supplies;;;;;;;;
1,344;4/15/12;15;834.90;Regular Air;-11.68;65.99;Jim Radford;Corporate;Technology;;;;;;;;
1,344;4/15/12;18;2,480.92;Regular Air;313.58;155.99;Jim Radford;Corporate;Technology;;;;;;;;
1,345;10/27/12;24;2,443.85;Delivery Truck;-120.85;100.98;Ritsa Hightower;Corporate;Furniture;;;;;;;;
1,346;6/17/12;48;4,789.89;Delivery Truck;421.15;100.98;Theone Pippenger;Corporate;Furniture;;;;;;;;
1,382;8/16/10;5;89.34;Regular Air;-107.10;20.99;Corey Catlett;Home Office;Technology;;;;;;;;
1,382;8/16/10;39;158.46;Regular Air;-130.66;3.98;Corey Catlett;Home Office;Office Supplies;;;;;;;;
1,382;8/16/10;31;7,180.83;Delivery Truck;487.17;220.98;Corey Catlett;Home Office;Furniture;;;;;;;;
1,383;4/26/10;43;17,129.97;Regular Air;5,616.08;415.88;Frank Merwin;Consumer;Office Supplies;;;;;;;;
1,411;12/20/09;39;5,748.20;Delivery Truck;-459.86;160.98;Ed Jacobs;Small Business;Furniture;;;;;;;;
1,411;12/20/09;47;6,717.93;Regular Air;1,717.89;175.99;Ed Jacobs;Small Business;Technology;;;;;;;;
1,412;3/12/10;13;59.03;Express Air;26.92;3.69;Carlos Soltero;Consumer;Office Supplies;;;;;;;;
1,412;3/12/10;21;97.48;Regular Air;-5.77;4.71;Carlos Soltero;Consumer;Office Supplies;;;;;;;;
1,414;8/15/11;44;4,530.96;Delivery Truck;-993.35;105.49;Carol Darley;Small Business;Furniture;;;;;;;;
1,440;8/9/11;41;726.22;Regular Air;52.47;17.67;Stefanie Holloman;Small Business;Furniture;;;;;;;;
1,444;12/5/09;32;21,717.36;Express Air;8,249.86;699.99;Noel Staavos;Home Office;Technology;;;;;;;;
1,444;12/5/09;13;15,823.27;Delivery Truck;1,759.34;1,360.14;Noel Staavos;Home Office;Technology;;;;;;;;
1,444;12/5/09;2;21.44;Regular Air;-13.67;6.48;Noel Staavos;Home Office;Office Supplies;;;;;;;;
1,444;12/5/09;24;416.40;Regular Air;24.33;17.15;Noel Staavos;Home Office;Office Supplies;;;;;;;;
1,444;12/5/09;25;772.24;Regular Air;181.98;30.98;Noel Staavos;Home Office;Office Supplies;;;;;;;;
1,445;1/9/11;3;1,326.09;Regular Air;-20.55;420.98;Shahid Shariari;Corporate;Office Supplies;;;;;;;;
1,445;1/9/11;30;339.49;Regular Air;-74.21;11.97;Shahid Shariari;Corporate;Office Supplies;;;;;;;;
1,447;10/14/12;40;2,135.97;Regular Air;239.40;65.99;Barry Gonzalez;Consumer;Technology;;;;;;;;
1,504;8/27/12;31;293.18;Regular Air;64.22;10.01;Maribeth Schnelling;Corporate;Technology;;;;;;;;
1,507;10/13/10;29;4,345.86;Regular Air;126.62;152.48;Harold Ryan;Home Office;Technology;;;;;;;;
1,537;2/14/12;5;16.60;Regular Air;-20.30;2.16;Grant Thornton;Corporate;Office Supplies;;;;;;;;
1,538;6/17/11;15;1,297.30;Regular Air;149.82;95.99;Ted Trevino;Corporate;Technology;;;;;;;;
1,539;3/9/11;33;511.83;Regular Air;-172.88;15.99;Carl Ludwig;Corporate;Office Supplies;;;;;;;;
1,539;3/9/11;38;184.99;Regular Air;-144.55;4.89;Carl Ludwig;Corporate;Technology;;;;;;;;
1,540;8/4/12;30;80.90;Regular Air;5.76;2.88;Don Miller;Home Office;Office Supplies;;;;;;;;
1,542;9/14/10;47;2,150.25;Regular Air;586.93;48.58;Linda Southworth;Consumer;Office Supplies;;;;;;;;
1,542;9/14/10;13;448;Regular Air;27.20;35.51;Linda Southworth;Consumer;Office Supplies;;;;;;;;
1,573;12/27/12;13;759.94;Delivery Truck;-226.45;60.89;Lena Radford;Small Business;Furniture;;;;;;;;
1,575;9/12/11;26;133.65;Regular Air;56.28;4.98;Dave Poirier;Small Business;Office Supplies;;;;;;;;
1,575;9/12/11;10;525.67;Regular Air;-147.02;65.99;Dave Poirier;Small Business;Technology;;;;;;;;
1,600;3/2/10;32;303.59;Regular Air;-45.99;9.65;Liz MacKendrick;Corporate;Furniture;;;;;;;;
1,600;3/2/10;36;191.60;Regular Air;-150.74;4.98;Liz MacKendrick;Corporate;Office Supplies;;;;;;;;
1,604;7/16/10;47;622.82;Regular Air;128.88;12.64;Rick Wilson;Consumer;Furniture;;;;;;;;
1,637;2/7/11;36;1,225.52;Express Air;-1,191.13;35.48;Aleksandra Gannaway;Corporate;Office Supplies;;;;;;;;
1,637;2/7/11;10;1,024.29;Regular Air;-95.52;99.99;Aleksandra Gannaway;Corporate;Technology;;;;;;;;
1,637;2/7/11;47;1,348.57;Regular Air;19.57;30.98;Aleksandra Gannaway;Corporate;Office Supplies;;;;;;;;
1,639;8/19/11;24;163.14;Regular Air;-62.20;6.78;Sean Christensen;Home Office;Office Supplies;;;;;;;;
1,665;5/7/09;26;755.61;Regular Air;149.17;35.99;John Lucas;Corporate;Technology;;;;;;;;
1,666;10/17/11;19;5,642.18;Express Air;1,996.68;315.98;Nona Balk;Corporate;Office Supplies;;;;;;;;
1,699;12/29/10;40;430.88;Regular Air;39.00;11.09;Art Ferguson;Corporate;Office Supplies;;;;;;;;
1,701;5/18/12;49;2,047.58;Regular Air;902.62;40.98;Ed Ludwig;Consumer;Technology;;;;;;;;
1,701;5/18/12;1;56.61;Regular Air;-22.16;40.97;Ed Ludwig;Consumer;Furniture;;;;;;;;
1,702;5/6/11;23;67.24;Regular Air;4.90;2.84;Annie Cyprus;Home Office;Office Supplies;;;;;;;;
1,761;12/23/10;25;12,028.23;Delivery Truck;-547.61;449.99;Carl Ludwig;Corporate;Technology;;;;;;;;
1,762;8/19/09;29;857.11;Regular Air;285.20;31.78;Lisa Hazard;Home Office;Technology;;;;;;;;
1,762;8/19/09;11;69.60;Regular Air;6.46;5.98;Lisa Hazard;Home Office;Office Supplies;;;;;;;;
1,762;8/19/09;43;1,279.51;Express Air;384.20;35.99;Lisa Hazard;Home Office;Technology;;;;;;;;
1,764;3/24/12;7;59.99;Regular Air;-13.78;8.34;Hallie Redmond;Small Business;Office Supplies;;;;;;;;
1,767;3/13/11;10;46.34;Regular Air;-7.76;4.71;Roger Barcio;Corporate;Office Supplies;;;;;;;;
1,792;11/8/10;28;370.48;Regular Air;-5.45;13.48;Carlos Soltero;Consumer;Office Supplies;;;;;;;;
1,793;7/11/12;36;233.43;Regular Air;-71.90;6.28;Joni Blumstein;Home Office;Office Supplies;;;;;;;;
1,796;11/20/12;43;183.41;Regular Air;-125.41;4.13;Deanra Eno;Corporate;Office Supplies;;;;;;;;
1,799;3/6/09;10;1,187.12;Delivery Truck;-127.30;113.98;Trudy Schmidt;Small Business;Furniture;;;;;;;;
1,799;3/6/09;16;108.31;Regular Air;-52.77;6.48;Trudy Schmidt;Small Business;Office Supplies;;;;;;;;
1,824;5/4/09;39;10,656.26;Regular Air;3,116.54;276.20;Becky Pak;Corporate;Furniture;;;;;;;;
1,824;5/4/09;2;17.06;Regular Air;-5.20;6.28;Becky Pak;Corporate;Furniture;;;;;;;;
1,825;12/4/10;22;38.26;Regular Air;-2.34;1.76;Aaron Smayling;Small Business;Office Supplies;;;;;;;;
1,826;4/15/12;5;28.32;Regular Air;-14.35;4.98;Susan Vittorini;Corporate;Office Supplies;;;;;;;;
1,829;5/7/09;48;133.04;Regular Air;6.73;2.78;Tom Stivers;Small Business;Office Supplies;;;;;;;;
1,831;12/1/10;33;12,586.19;Delivery Truck;619.71;370.98;Ken Brennan;Home Office;Office Supplies;;;;;;;;
1,856;3/19/12;24;1,449.30;Regular Air;-712.14;60.98;Alex Avila;Home Office;Office Supplies;;;;;;;;
1,856;3/19/12;43;4,374.69;Regular Air;973.16;125.99;Alex Avila;Home Office;Technology;;;;;;;;
1,856;3/19/12;44;4,283.24;Regular Air;676.13;125.99;Alex Avila;Home Office;Technology;;;;;;;;
1,857;1/12/10;37;199.76;Regular Air;20.00;5.58;Roy Phan;Consumer;Office Supplies;;;;;;;;
1,863;9/22/10;26;2,415.38;Delivery Truck;-1,131.60;95.95;Sung Pak;Small Business;Furniture;;;;;;;;
1,888;10/30/10;38;1,264.46;Delivery Truck;-1,249.39;31.76;Kean Thornton;Corporate;Furniture;;;;;;;;
1,888;10/30/10;35;158.25;Regular Air;-114.74;4.57;Kean Thornton;Corporate;Office Supplies;;;;;;;;
1,891;12/14/09;3;302.36;Regular Air;290.31;107.53;Jeremy Ellison;Small Business;Furniture;;;;;;;;
1,892;3/25/09;47;193.63;Regular Air;-152.52;3.98;Joe Kamberova;Small Business;Office Supplies;;;;;;;;
1,892;3/25/09;9;64.29;Regular Air;-18.85;6.48;Joe Kamberova;Small Business;Office Supplies;;;;;;;;
1,895;5/29/09;5;41.25;Regular Air;-23.25;6.48;Mitch Willingham;Corporate;Office Supplies;;;;;;;;
1,921;1/17/09;24;7,871.91;Delivery Truck;541.47;328.14;Benjamin Venier;Small Business;Office Supplies;;;;;;;;
1,925;3/4/12;40;909.82;Regular Air;292.49;22.98;Brian Moss;Corporate;Technology;;;;;;;;
1,925;3/4/12;7;1,874.37;Regular Air;67.84;276.20;Brian Moss;Corporate;Furniture;;;;;;;;
1,952;3/15/09;24;7,287.55;Delivery Truck;-715.78;296.18;Alejandro Grove;Corporate;Furniture;;;;;;;;
1,953;11/29/10;13;137.64;Regular Air;19.59;10.91;Sam Zeldin;Small Business;Office Supplies;;;;;;;;
1,985;9/1/09;33;15,464.01;Delivery Truck;4,407.44;535.64;Katherine Murray;Home Office;Technology;;;;;;;;
1,985;9/1/09;1;11.35;Regular Air;-7.96;5.78;Katherine Murray;Home Office;Office Supplies;;;;;;;;
1,988;10/5/11;9;122.14;Regular Air;-16.99;13.48;Paul Knutson;Corporate;Office Supplies;;;;;;;;
1,991;9/6/12;27;3,491.06;Regular Air;921.70;136.98;Barry Franz;Corporate;Furniture;;;;;;;;
1,991;9/6/12;37;14,383.83;Delivery Truck;5,050.10;399.98;Barry Franz;Corporate;Technology;;;;;;;;
2,020;6/20/10;42;213.75;Regular Air;-188.77;5.02;Sandra Glassco;Home Office;Technology;;;;;;;;
2,022;3/14/12;45;186.44;Regular Air;-157.18;3.95;Alan Hwang;Corporate;Office Supplies;;;;;;;;
2,023;5/5/12;4;294.89;Regular Air;-321.84;73.98;Sam Craven;Home Office;Technology;;;;;;;;
2,023;5/5/12;50;246.57;Regular Air;-132.51;4.98;Sam Craven;Home Office;Office Supplies;;;;;;;;
2,048;11/14/10;12;3,752.61;Delivery Truck;637.93;294.62;Deanra Eno;Corporate;Office Supplies;;;;;;;;
2,048;11/14/10;9;548.36;Express Air;78.63;60.97;Deanra Eno;Corporate;Office Supplies;;;;;;;;
2,050;6/1/09;16;44.46;Regular Air;5.27;2.89;James Galang;Consumer;Office Supplies;;;;;;;;
2,050;6/1/09;25;542.11;Regular Air;-14.76;22.84;James Galang;Consumer;Office Supplies;;;;;;;;
2,052;4/12/12;23;107.93;Regular Air;-68.14;4.13;Rob Lucas;Small Business;Office Supplies;;;;;;;;
2,053;2/6/11;39;19,342.84;Delivery Truck;5,603.95;500.98;Todd Boyes;Consumer;Furniture;;;;;;;;
2,053;2/6/11;7;771.78;Regular Air;-449.53;140.99;Todd Boyes;Consumer;Technology;;;;;;;;
2,054;6/7/12;1;343.78;Regular Air;-246.51;363.25;Katrina Willman;Consumer;Office Supplies;;;;;;;;
2,054;6/7/12;34;826.09;Regular Air;215.86;22.98;Katrina Willman;Consumer;Furniture;;;;;;;;
2,055;9/3/10;7;66.41;Regular Air;-32.35;8.74;Nora Paige;Small Business;Office Supplies;;;;;;;;
2,084;3/16/10;16;692.73;Regular Air;94.97;40.99;Andy Reiter;Corporate;Office Supplies;;;;;;;;
2,086;10/18/09;24;1,411.58;Express Air;699.31;55.98;Brian Moss;Corporate;Office Supplies;;;;;;;;
2,086;10/18/09;38;2,115.24;Regular Air;371.41;65.99;Brian Moss;Corporate;Technology;;;;;;;;
2,086;10/18/09;9;1,246.68;Regular Air;218.48;128.24;Brian Moss;Corporate;Furniture;;;;;;;;
2,144;3/28/09;40;5,945.37;Regular Air;1,585.48;175.99;Jonathan Doherty;Corporate;Technology;;;;;;;;
2,146;9/13/12;41;6,111.17;Regular Air;1,663.08;175.99;Todd Boyes;Small Business;Technology;;;;;;;;
2,146;9/13/12;44;113.71;Regular Air;41.70;2.61;Todd Boyes;Small Business;Office Supplies;;;;;;;;
2,147;9/5/12;15;605.10;Express Air;92.81;40.98;Hallie Redmond;Home Office;Office Supplies;;;;;;;;
2,149;3/12/10;4;43.56;Regular Air;21.21;9.38;Lori Olson;Consumer;Furniture;;;;;;;;
2,150;6/2/09;21;3,905.75;Delivery Truck;55.30;179.29;Vivian Mathis;Corporate;Furniture;;;;;;;;
2,181;9/12/11;40;102.56;Regular Air;36.62;2.61;Kelly Lampkin;Home Office;Office Supplies;;;;;;;;
2,181;9/12/11;3;15.87;Express Air;2.53;3.49;Kelly Lampkin;Home Office;Office Supplies;;;;;;;;
2,208;4/30/11;7;82.06;Regular Air;-26.99;11.50;Jack O'Briant;Home Office;Office Supplies;;;;;;;;
2,208;4/30/11;41;23,281.05;Regular Air;9,097.65;599.99;Jack O'Briant;Home Office;Technology;;;;;;;;
2,209;7/9/12;27;9,418.73;Delivery Truck;2,245.24;320.98;Pete Armstrong;Consumer;Furniture;;;;;;;;
2,209;7/9/12;1;5.68;Regular Air;-1.82;4.76;Pete Armstrong;Consumer;Office Supplies;;;;;;;;
2,209;7/9/12;42;174.59;Regular Air;25.88;4.28;Pete Armstrong;Consumer;Office Supplies;;;;;;;;
2,209;7/9/12;13;1,265.50;Regular Air;-161.12;125.99;Pete Armstrong;Consumer;Technology;;;;;;;;
2,211;6/29/09;22;1,651.09;Regular Air;-2.38;73.98;Vivian Mathis;Home Office;Technology;;;;;;;;
2,211;6/29/09;14;95.89;Regular Air;-46.31;5.98;Vivian Mathis;Home Office;Office Supplies;;;;;;;;
2,211;6/29/09;23;80.38;Regular Air;-71.11;3.57;Vivian Mathis;Home Office;Office Supplies;;;;;;;;
2,213;1/14/10;6;40.31;Regular Air;-32.27;5.78;Sam Zeldin;Small Business;Office Supplies;;;;;;;;
2,240;3/5/12;17;186.02;Regular Air;16.48;10.64;Sarah Brown;Consumer;Furniture;;;;;;;;
2,240;3/5/12;5;142.44;Regular Air;-22.12;28.15;Sarah Brown;Consumer;Office Supplies;;;;;;;;
2,241;5/10/10;38;967.78;Regular Air;369.33;24.95;Sarah Brown;Consumer;Office Supplies;;;;;;;;
2,244;1/8/10;19;88.61;Express Air;21.47;3.80;Elpida Rittenbach;Consumer;Office Supplies;;;;;;;;
2,247;8/1/12;6;21,134.71;Delivery Truck;-4,266.09;3,502.14;Clay Cheatham;Small Business;Technology;;;;;;;;
2,272;4/12/10;39;7,680.29;Delivery Truck;-513.79;212.60;Grant Donatelli;Consumer;Furniture;;;;;;;;
2,275;10/21/12;49;278;Regular Air;41.67;6.08;Grant Carroll;Small Business;Office Supplies;;;;;;;;
2,277;1/1/11;10;66.54;Regular Air;-46.03;5.98;Don Miller;Home Office;Technology;;;;;;;;
2,277;1/1/11;21;845.32;Regular Air;33.67;40.99;Don Miller;Home Office;Office Supplies;;;;;;;;
2,279;2/22/10;49;4,577.18;Delivery Truck;205.83;90.98;Rob Haberlin;Corporate;Furniture;;;;;;;;
2,279;2/22/10;39;845.90;Regular Air;52.53;20.98;Rob Haberlin;Corporate;Office Supplies;;;;;;;;
2,305;1/25/10;33;3,116.47;Delivery Truck;-1,578.26;100.98;Maribeth Dona;Home Office;Furniture;;;;;;;;
2,305;1/25/10;1;12.41;Regular Air;-9.08;6.68;Maribeth Dona;Home Office;Office Supplies;;;;;;;;
2,305;1/25/10;11;1,382.80;Regular Air;141.31;120.33;Maribeth Dona;Home Office;Office Supplies;;;;;;;;
2,306;7/25/11;15;113.50;Regular Air;-46.35;7.45;Liz Thompson;Corporate;Office Supplies;;;;;;;;
2,307;6/28/10;32;182.33;Regular Air;40.85;5.98;Carol Adams;Corporate;Office Supplies;;;;;;;;
2,309;9/3/11;7;27.01;Regular Air;-1.30;3.80;Eric Barreto;Consumer;Office Supplies;;;;;;;;
2,311;5/1/11;31;1,324.09;Regular Air;94.96;40.89;Fred Harton;Home Office;Furniture;;;;;;;;
2,339;12/14/10;12;1,634.98;Regular Air;-120.45;140.85;Jennifer Braxton;Small Business;Office Supplies;;;;;;;;
2,341;5/29/10;29;157.49;Regular Air;-58.25;5.78;Sara Luxemburg;Small Business;Office Supplies;;;;;;;;
2,368;8/19/10;36;508.73;Regular Air;-229.67;14.81;Sally Hughsby;Consumer;Office Supplies;;;;;;;;
2,370;1/16/09;6;679.60;Regular Air;-85.76;110.98;Sanjit Jacobs;Consumer;Furniture;;;;;;;;
2,370;1/16/09;30;257.42;Regular Air;59.18;8.01;Sanjit Jacobs;Consumer;Office Supplies;;;;;;;;
2,373;3/11/09;36;317.59;Regular Air;-46.12;8.60;Craig Carroll;Corporate;Office Supplies;;;;;;;;
2,374;10/28/10;21;78.17;Express Air;-72.70;2.84;Vivek Gonzalez;Consumer;Office Supplies;;;;;;;;
2,433;8/21/09;14;24,105.87;Delivery Truck;4,073.25;2,036.48;Cari Sayre;Corporate;Technology;;;;;;;;
2,436;9/10/11;14;330.21;Express Air;83.24;22.84;Adam Hart;Corporate;Office Supplies;;;;;;;;
2,438;7/14/10;20;278.68;Regular Air;8.90;14.48;Andrew Allen;Corporate;Office Supplies;;;;;;;;
2,438;7/14/10;23;717.47;Regular Air;316.48;35.99;Andrew Allen;Corporate;Technology;;;;;;;;
2,465;6/23/11;28;1,082.45;Regular Air;271.87;39.48;Rob Haberlin;Consumer;Technology;;;;;;;;
2,466;3/5/09;25;2,553.84;Regular Air;553.70;107.53;Quincy Jones;Home Office;Furniture;;;;;;;;
2,467;7/15/11;30;4,147.47;Delivery Truck;586.61;145.45;Caroline Jumper;Corporate;Technology;;;;;;;;
2,497;8/26/12;21;3,629.12;Regular Air;636.03;205.99;Michael Moore;Corporate;Technology;;;;;;;;
2,500;8/14/12;5;22.56;Regular Air;-25.56;3.36;Bobby Elias;Small Business;Office Supplies;;;;;;;;
2,503;6/19/10;21;91.15;Regular Air;-71.54;4.13;Maria Zettner;Corporate;Office Supplies;;;;;;;;
2,503;6/19/10;46;171.48;Regular Air;66.13;4.13;Maria Zettner;Corporate;Office Supplies;;;;;;;;
2,503;6/19/10;9;162.15;Regular Air;-73.74;20.99;Maria Zettner;Corporate;Technology;;;;;;;;
2,530;3/20/09;9;23.46;Regular Air;4.58;2.61;Rob Haberlin;Corporate;Office Supplies;;;;;;;;
2,532;10/10/11;39;282.07;Regular Air;140.01;7.31;Alan Barnes;Corporate;Office Supplies;;;;;;;;
2,532;10/10/11;24;426.04;Regular Air;-78.96;20.99;Alan Barnes;Corporate;Technology;;;;;;;;
2,535;5/24/10;6;82.72;Regular Air;-29.71;14.48;Roland Fjeld;Corporate;Technology;;;;;;;;
2,560;9/4/12;32;731.22;Regular Air;-84.07;20.97;Harold Ryan;Home Office;Technology;;;;;;;;
2,560;9/4/12;23;114.14;Regular Air;-65.62;4.98;Harold Ryan;Home Office;Office Supplies;;;;;;;;
2,562;7/31/12;28;64.82;Regular Air;-32.03;2.12;Cindy Chapman;Consumer;Technology;;;;;;;;
2,562;7/31/12;6;77.60;Regular Air;-37.07;11.34;Cindy Chapman;Consumer;Office Supplies;;;;;;;;
2,562;7/31/12;17;821.18;Express Air;308.63;48.91;Cindy Chapman;Consumer;Office Supplies;;;;;;;;
2,563;11/18/10;12;31.77;Regular Air;8.34;2.61;Brenda Bowman;Small Business;Office Supplies;;;;;;;;
2,563;11/18/10;33;208.05;Regular Air;46.01;5.98;Brenda Bowman;Small Business;Office Supplies;;;;;;;;
2,593;9/3/10;5;2,004.12;Express Air;276.68;420.98;John Dryer;Corporate;Office Supplies;;;;;;;;
2,593;9/3/10;15;3,841.72;Delivery Truck;691.13;243.98;John Dryer;Corporate;Furniture;;;;;;;;
2,595;12/13/11;13;11,764.25;Delivery Truck;2,322.44;880.98;Art Miller;Corporate;Furniture;;;;;;;;
2,595;12/13/11;4;25.17;Regular Air;5.88;5.47;Art Miller;Corporate;Furniture;;;;;;;;
2,595;12/13/11;29;208.47;Express Air;-125.60;6.48;Art Miller;Corporate;Office Supplies;;;;;;;;
2,626;9/7/11;16;48.37;Regular Air;18.02;2.88;Christine Kargatis;Small Business;Office Supplies;;;;;;;;
2,628;10/21/10;14;34.59;Regular Air;-60.13;2.18;Eileen Kiefer;Consumer;Office Supplies;;;;;;;;
2,628;10/21/10;29;5,029.22;Delivery Truck;-752.83;218.75;Eileen Kiefer;Consumer;Furniture;;;;;;;;
2,630;10/23/12;31;146.51;Regular Air;37.14;4.73;Patrick Ryan;Corporate;Office Supplies;;;;;;;;
2,631;9/23/10;27;1,078.49;Regular Air;252.66;40.96;Jack Garza;Corporate;Technology;;;;;;;;
2,656;5/3/10;3;523.11;Delivery Truck;-214.53;159.31;Nathan Cano;Consumer;Furniture;;;;;;;;
2,656;5/3/10;29;913.41;Regular Air;237.14;35.99;Nathan Cano;Consumer;Technology;;;;;;;;
2,657;10/16/11;30;8,316.76;Delivery Truck;2,108.80;279.81;Troy Blackwell;Home Office;Office Supplies;;;;;;;;
2,657;10/16/11;37;2,143.22;Regular Air;464.36;65.99;Troy Blackwell;Home Office;Technology;;;;;;;;
2,658;9/22/11;34;229.51;Regular Air;-189.33;6.48;Bill Shonely;Small Business;Office Supplies;;;;;;;;
2,658;9/22/11;32;473;Express Air;-185.80;15.42;Bill Shonely;Small Business;Office Supplies;;;;;;;;
2,659;12/17/10;50;881.65;Regular Air;41.27;18.97;Alice McCarthy;Corporate;Office Supplies;;;;;;;;
2,688;1/23/12;31;2,080.04;Regular Air;844.90;85.99;Thais Sissman;Small Business;Technology;;;;;;;;
2,688;1/23/12;7;145.42;Regular Air;-98.46;20.97;Thais Sissman;Small Business;Technology;;;;;;;;
2,688;1/23/12;11;1,559.44;Regular Air;61.24;155.99;Thais Sissman;Small Business;Technology;;;;;;;;
2,691;4/29/12;14;3,363.14;Delivery Truck;98.75;260.98;Ted Trevino;Corporate;Furniture;;;;;;;;
2,720;6/7/10;36;2,051.02;Express Air;483.97;65.99;Christopher Martinez;Small Business;Technology;;;;;;;;
2,722;4/8/09;46;1,895.55;Regular Air;807.62;40.97;Jay Fine;Consumer;Technology;;;;;;;;
2,725;5/20/09;39;2,178.43;Express Air;396.97;65.99;Dave Poirier;Small Business;Technology;;;;;;;;
2,752;11/18/10;30;695.47;Regular Air;226.73;22.98;Todd Boyes;Small Business;Technology;;;;;;;;
2,752;11/18/10;41;152.59;Regular Air;55.48;3.78;Todd Boyes;Small Business;Office Supplies;;;;;;;;
2,752;11/18/10;10;365.62;Regular Air;15.77;34.76;Todd Boyes;Small Business;Office Supplies;;;;;;;;
2,752;11/18/10;10;575.57;Regular Air;-86.52;65.99;Todd Boyes;Small Business;Technology;;;;;;;;
2,754;4/2/09;16;1,427.67;Regular Air;422.80;90.24;Philip Brown;Home Office;Office Supplies;;;;;;;;
2,754;4/2/09;11;499.26;Express Air;144.05;47.90;Philip Brown;Home Office;Office Supplies;;;;;;;;
2,755;2/6/12;30;736.30;Regular Air;259.07;24.95;Jane Waco;Corporate;Office Supplies;;;;;;;;
2,755;2/6/12;50;346.06;Regular Air;-76.54;6.48;Jane Waco;Corporate;Office Supplies;;;;;;;;
2,756;4/17/09;25;1,344.88;Regular Air;-13.77;55.94;Denny Ordway;Small Business;Technology;;;;;;;;
2,756;4/17/09;42;248.54;Regular Air;111.75;6.30;Denny Ordway;Small Business;Office Supplies;;;;;;;;
2,757;7/19/11;39;3,554.46;Delivery Truck;-1,766.01;95.95;Julia West;Corporate;Furniture;;;;;;;;
2,757;7/19/11;42;569.32;Express Air;84.38;12.98;Lycoris Saunders;Corporate;Office Supplies;;;;;;;;
2,759;11/24/10;25;827.47;Regular Air;45.37;30.98;Brenda Bowman;Small Business;Technology;;;;;;;;
2,790;8/18/09;7;45.91;Regular Air;-35.54;5.44;Maribeth Dona;Home Office;Office Supplies;;;;;;;;
2,790;8/18/09;41;22,319.58;Delivery Truck;-734.31;549.99;Maribeth Dona;Home Office;Technology;;;;;;;;
2,790;8/18/09;15;330.24;Express Air;8.48;22.01;Maribeth Dona;Home Office;Office Supplies;;;;;;;;
2,790;8/18/09;15;520.65;Regular Air;30.63;34.76;Maribeth Dona;Home Office;Office Supplies;;;;;;;;
2,791;10/9/09;47;191.67;Regular Air;-236.27;3.89;Eugene Barchas;Corporate;Office Supplies;;;;;;;;
2,791;10/9/09;49;5,586.33;Delivery Truck;80.44;120.98;Eugene Barchas;Corporate;Furniture;;;;;;;;
2,791;10/9/09;18;507.64;Regular Air;118.94;30.98;Eugene Barchas;Corporate;Office Supplies;;;;;;;;
2,816;9/19/09;35;787.56;Regular Air;220.04;21.98;Ross Baird;Corporate;Office Supplies;;;;;;;;
2,817;4/18/09;14;3,830.14;Regular Air;202.25;300.97;Luke Schmidt;Home Office;Technology;;;;;;;;
2,817;4/18/09;40;1,559.86;Regular Air;672.37;39.89;Luke Schmidt;Home Office;Furniture;;;;;;;;
2,818;12/11/09;37;565.91;Regular Air;192.39;15.68;Ross Baird;Corporate;Furniture;;;;;;;;
2,818;12/11/09;39;593.21;Regular Air;44.71;14.98;Ross Baird;Corporate;Furniture;;;;;;;;
2,818;12/11/09;2;89.23;Regular Air;-42.72;38.76;Ross Baird;Corporate;Office Supplies;;;;;;;;
2,823;9/8/11;17;357.43;Regular Air;-135.98;20.97;Robert Waldorf;Home Office;Technology;;;;;;;;
2,823;9/8/11;21;4,754.08;Delivery Truck;299.88;225.02;Robert Waldorf;Home Office;Office Supplies;;;;;;;;
2,848;3/9/12;35;1,476.39;Express Air;-303.62;43.31;Emily Grady;Home Office;Furniture;;;;;;;;
2,848;3/9/12;8;863.58;Regular Air;-264.28;125.99;Emily Grady;Home Office;Technology;;;;;;;;
2,852;1/15/10;10;74.87;Regular Air;-43.97;6.48;Luke Schmidt;Home Office;Office Supplies;;;;;;;;
2,852;1/15/10;42;3,931.32;Regular Air;1,025.45;115.99;Luke Schmidt;Home Office;Technology;;;;;;;;
2,853;5/4/09;25;4,253.65;Express Air;943.00;178.47;Bill Tyler;Consumer;Office Supplies;;;;;;;;
2,882;8/21/11;23;3,872.87;Delivery Truck;565.34;160.98;Yoseph Carroll;Consumer;Furniture;;;;;;;;
2,882;8/21/11;9;356.72;Regular Air;12.61;40.98;Yoseph Carroll;Consumer;Technology;;;;;;;;
2,883;1/22/11;34;2,154.34;Regular Air;177.66;64.98;Rob Haberlin;Consumer;Office Supplies;;;;;;;;
2,885;9/18/12;29;197.41;Regular Air;-128.68;6.48;Nora Price;Home Office;Office Supplies;;;;;;;;
2,885;9/18/12;46;712.18;Regular Air;13.98;15.42;Nora Price;Home Office;Office Supplies;;;;;;;;
2,912;3/11/12;7;16,587.13;Delivery Truck;-3,476.86;2,550.14;Tamara Dahlen;Corporate;Technology;;;;;;;;
2,912;3/11/12;9;507.98;Express Air;170.90;55.98;Tamara Dahlen;Corporate;Office Supplies;;;;;;;;
2,914;3/2/10;3;62.88;Regular Air;-24.74;18.97;Maureen Gastineau;Consumer;Office Supplies;;;;;;;;
2,915;3/30/09;41;231.26;Regular Air;32.83;5.98;Tim Brockman;Consumer;Office Supplies;;;;;;;;
2,915;3/30/09;23;987.17;Regular Air;51.59;39.98;Tim Brockman;Consumer;Technology;;;;;;;;
2,947;4/25/11;8;57.04;Regular Air;-29.06;6.48;Pete Armstrong;Consumer;Office Supplies;;;;;;;;
2,976;12/9/10;30;14,223.82;Delivery Truck;3,424.22;500.98;Edward Hooks;Consumer;Furniture;;;;;;;;
2,978;5/2/11;34;6,264.19;Regular Air;1,312.04;205.99;Alan Schoenberger;Corporate;Technology;;;;;;;;
2,978;5/2/11;36;5,410.95;Regular Air;2,077.91;162.93;Alan Schoenberger;Corporate;Office Supplies;;;;;;;;
2,978;5/2/11;28;4,671.15;Regular Air;947.31;200.99;Alan Schoenberger;Corporate;Technology;;;;;;;;
3,008;11/7/11;41;6,831.72;Regular Air;3,081.02;162.93;Charles Crestani;Consumer;Office Supplies;;;;;;;;
3,012;5/4/10;41;120.03;Regular Air;10.50;2.78;Maxwell Schwartz;Corporate;Office Supplies;;;;;;;;
3,014;10/29/12;13;4,002.14;Regular Air;1,314.39;304.99;Pamela Stobb;Consumer;Office Supplies;;;;;;;;
3,040;4/11/10;13;98.39;Express Air;-31.54;6.48;Tracy Zic;Consumer;Office Supplies;;;;;;;;
3,042;11/20/09;26;103.87;Regular Air;15.42;4.26;Christy Brittain;Consumer;Office Supplies;;;;;;;;
3,046;11/29/11;24;10,094.43;Regular Air;4,451.01;420.98;Sung Pak;Small Business;Office Supplies;;;;;;;;
3,073;1/7/09;3;10.58;Regular Air;-11.58;1.98;Jasper Cacioppo;Home Office;Office Supplies;;;;;;;;
3,073;1/7/09;3;2,119.67;Express Air;-2,314.74;699.99;Jasper Cacioppo;Home Office;Technology;;;;;;;;
3,073;1/7/09;7;45,923.76;Regular Air;102.61;6,783.02;Jasper Cacioppo;Home Office;Technology;;;;;;;;
3,078;2/11/10;12;33.86;Regular Air;0.35;2.88;Paul Lucas;Corporate;Office Supplies;;;;;;;;
3,078;2/11/10;1;316.61;Delivery Truck;-187.29;291.73;Paul Lucas;Corporate;Furniture;;;;;;;;
3,104;9/15/10;50;336.06;Regular Air;-240.78;6.48;David Wiener;Consumer;Office Supplies;;;;;;;;
3,104;9/15/10;24;380.38;Express Air;7.29;15.94;David Wiener;Consumer;Office Supplies;;;;;;;;
3,108;8/4/10;36;65.39;Regular Air;-0.46;1.82;Jack Garza;Corporate;Office Supplies;;;;;;;;
3,109;7/23/10;47;1,005.74;Regular Air;199.30;22.23;Liz MacKendrick;Corporate;Furniture;;;;;;;;
3,109;7/23/10;37;6,477.74;Regular Air;1,653.97;205.99;Liz MacKendrick;Corporate;Technology;;;;;;;;
3,110;12/16/09;13;1,601.32;Delivery Truck;377.81;119.99;Helen Andreada;Corporate;Technology;;;;;;;;
3,136;8/9/09;8;238.74;Regular Air;-38.89;30.98;Paul Prost;Corporate;Office Supplies;;;;;;;;
3,138;2/8/09;4;718.03;Express Air;-427.47;179.99;Bradley Nguyen;Consumer;Technology;;;;;;;;
3,141;11/9/11;30;534.96;Regular Air;-26.72;18.89;Matt Collister;Home Office;Technology;;;;;;;;
3,168;1/29/12;14;80.60;Regular Air;-4.20;5.28;Jasper Cacioppo;Home Office;Furniture;;;;;;;;
3,169;12/20/10;7;35.58;Regular Air;-19.95;4.42;Liz Carlisle;Corporate;Office Supplies;;;;;;;;
3,172;6/2/12;33;584.51;Regular Air;-95.98;20.99;Annie Thurman;Consumer;Technology;;;;;;;;
3,175;7/14/09;23;3,553.62;Regular Air;521.69;165.20;Bradley Drucker;Small Business;Office Supplies;;;;;;;;
3,202;12/23/12;10;554.21;Regular Air;-105.37;53.98;Richard Eichhorn;Consumer;Technology;;;;;;;;
3,205;4/10/12;8;136.61;Regular Air;80.43;15.68;Alan Haines;Consumer;Furniture;;;;;;;;
3,205;4/10/12;42;2,907.63;Express Air;54.60;71.37;Alan Haines;Consumer;Furniture;;;;;;;;
3,232;10/8/12;5;42.66;Regular Air;-11.83;7.84;Brad Eason;Small Business;Office Supplies;;;;;;;;
3,235;11/14/11;31;142.97;Express Air;-12.26;4.71;James Lanier;Corporate;Office Supplies;;;;;;;;
3,266;3/16/11;4;17.12;Regular Air;-2.55;3.80;Edward Becker;Corporate;Office Supplies;;;;;;;;
3,271;12/31/11;45;11,532.99;Delivery Truck;2,753.39;264.98;Joni Blumstein;Home Office;Technology;;;;;;;;
3,271;12/31/11;18;146.10;Express Air;51.14;8.34;Joni Blumstein;Home Office;Office Supplies;;;;;;;;
3,297;11/2/12;40;158.70;Regular Air;-196.80;3.75;Raymond Book;Consumer;Office Supplies;;;;;;;;
3,300;7/14/11;6;92.02;Regular Air;-47.36;15.98;Bryan Spruell;Home Office;Technology;;;;;;;;
3,328;11/18/12;12;1,736.41;Delivery Truck;-762.44;146.05;Adam Hart;Corporate;Furniture;;;;;;;;
3,331;5/20/10;31;153.28;Regular Air;73.16;4.91;Neil Knudson;Corporate;Office Supplies;;;;;;;;
3,332;11/4/09;6;22.19;Regular Air;-3.51;3.26;Ben Peterman;Corporate;Office Supplies;;;;;;;;
3,333;9/15/12;42;927.97;Regular Air;162.17;22.98;Sandra Flanagan;Home Office;Office Supplies;;;;;;;;
3,333;9/15/12;9;59.05;Regular Air;-24.09;6.48;Sandra Flanagan;Home Office;Office Supplies;;;;;;;;
3,361;8/22/12;49;213.71;Regular Air;-208.02;4.28;Michael Granlund;Corporate;Office Supplies;;;;;;;;
3,361;8/22/12;23;133.66;Regular Air;-5.60;5.85;Michael Granlund;Corporate;Office Supplies;;;;;;;;
3,362;7/28/11;40;1,699.52;Regular Air;734.75;40.98;Christina Vanderzanden;Small Business;Technology;;;;;;;;
3,362;7/28/11;50;760.85;Regular Air;-109.10;15.14;Christina Vanderzanden;Small Business;Office Supplies;;;;;;;;
3,363;9/22/11;21;8,185.89;Regular Air;2,137.28;415.88;Gary Zandusky;Home Office;Office Supplies;;;;;;;;
3,393;7/3/11;7;127.74;Express Air;-5.57;15.98;Steve Carroll;Consumer;Technology;;;;;;;;
3,393;7/3/11;33;325.92;Regular Air;-36.47;9.48;Steve Carroll;Consumer;Furniture;;;;;;;;
3,395;10/29/09;31;181.17;Express Air;-59.88;5.38;Cathy Armstrong;Consumer;Office Supplies;;;;;;;;
3,395;10/29/09;1;13.16;Regular Air;-10.29;7.35;Cathy Armstrong;Consumer;Office Supplies;;;;;;;;
3,395;10/29/09;7;107.88;Regular Air;25.59;15.57;Cathy Armstrong;Consumer;Office Supplies;;;;;;;;
3,395;10/29/09;29;623.02;Regular Air;-255.66;20.89;Cathy Armstrong;Consumer;Office Supplies;;;;;;;;
3,397;6/22/09;43;815.89;Regular Air;-20.25;19.98;Alex Grayson;Consumer;Technology;;;;;;;;
3,397;6/22/09;11;30.61;Regular Air;-3.38;2.88;Alex Grayson;Consumer;Office Supplies;;;;;;;;
3,456;5/31/10;20;5,418.68;Delivery Truck;332.30;280.98;George Zrebassa;Small Business;Furniture;;;;;;;;
3,458;12/21/09;41;627.91;Regular Air;222.08;15.28;Lisa DeCherney;Corporate;Technology;;;;;;;;
3,458;12/21/09;28;46.89;Regular Air;-3.83;1.76;Lisa DeCherney;Corporate;Office Supplies;;;;;;;;
3,459;7/27/09;24;2,152.40;Express Air;218.87;110.99;Gary McGarr;Home Office;Technology;;;;;;;;
3,460;10/2/11;27;153.23;Regular Air;-95.15;5.98;Steve Nguyen;Consumer;Office Supplies;;;;;;;;
3,461;1/30/10;47;2,053.38;Regular Air;1,040.40;55.99;Susan Gilcrest;Home Office;Technology;;;;;;;;
3,461;1/30/10;35;3,206.40;Regular Air;784.77;115.99;Susan Gilcrest;Home Office;Technology;;;;;;;;
3,463;8/17/10;43;264.75;Regular Air;-212.51;6.48;Julia Dunbar;Consumer;Office Supplies;;;;;;;;
3,488;1/7/11;39;4,669.19;Delivery Truck;-1,864.08;122.99;Mick Crebagga;Home Office;Furniture;;;;;;;;
3,488;1/7/11;6;133.40;Regular Air;-0.31;21.98;Mick Crebagga;Home Office;Office Supplies;;;;;;;;
3,492;11/23/09;35;2,393.63;Regular Air;524.88;67.28;Roy Skaria;Corporate;Office Supplies;;;;;;;;
3,492;11/23/09;49;6,177.53;Delivery Truck;-1,195.12;130.98;Roy Skaria;Corporate;Furniture;;;;;;;;
3,492;11/23/09;33;94.60;Regular Air;-6.34;2.78;Roy Skaria;Corporate;Office Supplies;;;;;;;;
3,493;8/23/10;48;7,518.12;Regular Air;1,027.63;152.48;Patrick Jones;Home Office;Technology;;;;;;;;
3,521;10/25/12;50;204.11;Regular Air;28.71;4.28;Giulietta Baptist;Home Office;Office Supplies;;;;;;;;
3,522;9/25/09;33;1,935.17;Regular Air;-991.07;60.98;James Galang;Consumer;Office Supplies;;;;;;;;
3,522;9/25/09;27;812.68;Regular Air;235.88;29.89;James Galang;Consumer;Technology;;;;;;;;
3,524;5/2/12;21;427.32;Regular Air;52.35;18.97;Nicole Hansen;Small Business;Office Supplies;;;;;;;;
3,525;12/21/11;38;115.43;Regular Air;11.41;2.78;Bryan Spruell;Home Office;Office Supplies;;;;;;;;
3,526;3/15/11;20;246.06;Regular Air;20.67;12.07;Tom Prescott;Small Business;Furniture;;;;;;;;
3,553;5/17/09;7;20.50;Regular Air;-4.04;2.94;Roy Skaria;Corporate;Office Supplies;;;;;;;;
3,554;6/16/11;25;288.91;Regular Air;-14.06;12.28;Ken Heidel;Corporate;Office Supplies;;;;;;;;
3,556;9/22/12;48;269.37;Regular Air;-103.55;5.74;George Zrebassa;Home Office;Office Supplies;;;;;;;;
3,556;9/22/12;41;4,933.99;Regular Air;1,161.89;128.24;George Zrebassa;Home Office;Furniture;;;;;;;;
3,559;10/23/12;34;136.67;Express Air;-117.92;3.81;Logan Haushalter;Corporate;Office Supplies;;;;;;;;
3,585;11/22/09;27;259.72;Regular Air;78.05;10.06;Ann Blume;Corporate;Office Supplies;;;;;;;;
3,585;11/22/09;34;54.69;Regular Air;-35.75;1.68;Ann Blume;Corporate;Office Supplies;;;;;;;;
3,586;12/4/10;32;383.57;Regular Air;70.51;12.58;Lena Cacioppo;Home Office;Furniture;;;;;;;;
3,586;12/4/10;31;461.10;Regular Air;116.96;14.34;Lena Cacioppo;Home Office;Furniture;;;;;;;;
3,588;3/18/11;42;374.38;Regular Air;-1.16;8.67;Patrick Jones;Home Office;Office Supplies;;;;;;;;
3,588;3/18/11;21;1,557.42;Regular Air;-123.81;73.98;Patrick Jones;Home Office;Technology;;;;;;;;
3,588;3/18/11;14;410.27;Regular Air;226.72;30.93;Patrick Jones;Home Office;Furniture;;;;;;;;
3,588;3/18/11;18;1,531.93;Delivery Truck;326.56;90.97;Patrick Jones;Home Office;Technology;;;;;;;;
3,589;5/25/09;23;72.93;Regular Air;28.55;3.15;Denise Leinenbach;Home Office;Office Supplies;;;;;;;;
3,591;12/7/10;3;321.57;Delivery Truck;-100.05;100.98;Herbert Flentye;Small Business;Office Supplies;;;;;;;;
3,591;12/7/10;12;1,085.16;Delivery Truck;-311.54;89.99;Herbert Flentye;Small Business;Furniture;;;;;;;;
3,621;5/5/10;14;83.87;Regular Air;-28.83;5.58;Eric Barreto;Small Business;Office Supplies;;;;;;;;
3,622;11/26/11;16;76.60;Regular Air;-48.51;4.24;Steven Ward;Consumer;Office Supplies;;;;;;;;
3,648;6/16/10;46;134.81;Regular Air;52.36;3.15;Philip Brown;Home Office;Office Supplies;;;;;;;;
3,648;6/16/10;34;5,488.53;Regular Air;1,382.45;195.99;Philip Brown;Home Office;Technology;;;;;;;;
3,649;7/5/09;8;79.42;Regular Air;-15.46;8.88;Brad Thomas;Home Office;Office Supplies;;;;;;;;
3,649;7/5/09;26;75.60;Regular Air;17.14;2.88;Brad Thomas;Home Office;Office Supplies;;;;;;;;
3,650;5/27/12;36;139.95;Express Air;-128.59;3.58;Denise Monton;Home Office;Office Supplies;;;;;;;;
3,650;5/27/12;24;5,207.50;Delivery Truck;166.44;216.60;Denise Monton;Home Office;Furniture;;;;;;;;
3,653;3/26/09;41;271.11;Regular Air;64.79;6.68;Lynn Smith;Corporate;Office Supplies;;;;;;;;
3,654;6/2/12;41;95.73;Regular Air;-151.15;2.08;Karl Brown;Corporate;Furniture;;;;;;;;
3,654;6/2/12;39;7,338.79;Regular Air;4,031.62;204.10;Karl Brown;Corporate;Technology;;;;;;;;
3,654;6/2/12;47;12,569.31;Delivery Truck;3,160.63;279.81;Karl Brown;Corporate;Office Supplies;;;;;;;;
3,655;10/5/12;3;62.54;Regular Air;-30.74;15.99;Tony Sayre;Small Business;Office Supplies;;;;;;;;
3,655;10/5/12;24;2,750.11;Regular Air;600.42;125.99;Tony Sayre;Small Business;Technology;;;;;;;;
3,680;12/9/12;27;177.95;Regular Air;-61.75;6.48;Evan Henry;Corporate;Office Supplies;;;;;;;;
3,680;12/9/12;24;99.53;Express Air;18.28;3.80;Evan Henry;Corporate;Office Supplies;;;;;;;;
3,685;1/16/12;29;106.78;Regular Air;-98.05;3.28;Mike Vittorini;Small Business;Office Supplies;;;;;;;;
3,687;2/2/10;25;79.37;Regular Air;6.14;3.29;Marc Harrigan;Home Office;Office Supplies;;;;;;;;
3,745;9/28/10;38;1,143.35;Express Air;411.10;29.18;Erin Smith;Home Office;Furniture;;;;;;;;
3,746;9/10/09;14;1,463.10;Regular Air;162.67;115.99;Alan Dominguez;Corporate;Technology;;;;;;;;
3,746;9/10/09;38;246.30;Regular Air;-67.49;5.98;Alan Dominguez;Corporate;Office Supplies;;;;;;;;
3,749;2/23/11;27;353.62;Regular Air;140.15;12.97;Ken Black;Consumer;Office Supplies;;;;;;;;
3,750;4/29/11;12;76.16;Regular Air;-24.03;5.98;Aaron Smayling;Small Business;Office Supplies;;;;;;;;
3,777;4/7/09;14;244.85;Express Air;38.06;17.67;Christine Kargatis;Small Business;Furniture;;;;;;;;
3,778;5/25/10;34;268.09;Regular Air;-63.76;8.32;Deirdre Greer;Home Office;Technology;;;;;;;;
3,778;5/25/10;12;557.03;Regular Air;8.95;45.19;Deirdre Greer;Home Office;Technology;;;;;;;;
3,778;5/25/10;3;26.53;Regular Air;-15.00;6.68;Deirdre Greer;Home Office;Office Supplies;;;;;;;;
3,778;5/25/10;34;5,133.92;Regular Air;1,313.95;175.99;Deirdre Greer;Home Office;Technology;;;;;;;;
3,783;12/5/10;11;92.14;Regular Air;-40.25;8.12;Jonathan Doherty;Corporate;Technology;;;;;;;;
3,783;12/5/10;40;257.43;Regular Air;-200.63;6.48;Jonathan Doherty;Corporate;Office Supplies;;;;;;;;
3,808;4/23/09;2;6.13;Regular Air;-2.83;2.89;Lynn Smith;Corporate;Office Supplies;;;;;;;;
3,810;9/16/12;40;221.86;Regular Air;-1,845.66;4.48;Tanja Norvell;Corporate;Office Supplies;;;;;;;;
3,810;9/16/12;25;78.26;Express Air;35.09;2.61;Tanja Norvell;Corporate;Office Supplies;;;;;;;;
3,814;2/21/11;43;1,225.41;Express Air;-138.02;28.28;Thomas Thornton;Consumer;Office Supplies;;;;;;;;
3,841;10/4/09;19;1,184.45;Regular Air;-552.10;60.98;John Stevenson;Small Business;Office Supplies;;;;;;;;
3,841;10/4/09;20;25,409.63;Regular Air;11,535.28;1,270.99;John Stevenson;Small Business;Office Supplies;;;;;;;;
3,841;10/4/09;43;7,308.28;Express Air;1,680.23;205.99;John Stevenson;Small Business;Technology;;;;;;;;
3,845;4/25/12;9;3,064.27;Regular Air;294.39;363.25;Stephanie Phelps;Consumer;Office Supplies;;;;;;;;
3,845;4/25/12;22;475.72;Regular Air;-10.40;19.98;Stephanie Phelps;Consumer;Furniture;;;;;;;;
3,845;4/25/12;15;123.91;Regular Air;39.04;8.34;Stephanie Phelps;Consumer;Furniture;;;;;;;;
3,877;5/20/10;14;700.46;Express Air;254.31;48.04;Paul Knutson;Corporate;Office Supplies;;;;;;;;
3,905;12/20/10;42;2,537.88;Delivery Truck;-377.25;60.89;Muhammed Lee;Consumer;Furniture;;;;;;;;
3,907;8/18/12;36;218.12;Regular Air;-1,642.65;4.48;Christopher Martinez;Small Business;Office Supplies;;;;;;;;
3,907;8/18/12;34;729.83;Regular Air;-135.10;22.38;Christopher Martinez;Small Business;Office Supplies;;;;;;;;
3,907;8/18/12;36;1,083.19;Express Air;214.61;29.99;Christopher Martinez;Small Business;Technology;;;;;;;;
3,908;3/8/10;8;820.28;Regular Air;-180.20;115.99;Dorothy Wardle;Corporate;Technology;;;;;;;;
3,911;3/16/11;24;370.72;Regular Air;-156.76;15.70;Bobby Elias;Small Business;Office Supplies;;;;;;;;
3,942;6/27/10;11;225.14;Regular Air;-42.61;20.15;Keith Herrera;Small Business;Office Supplies;;;;;;;;
3,942;6/27/10;22;1,559.78;Regular Air;-247.18;85.99;Keith Herrera;Small Business;Technology;;;;;;;;
3,970;3/26/12;39;1,032.97;Regular Air;397.15;28.48;Christina DeMoss;Home Office;Technology;;;;;;;;
3,970;3/26/12;13;324.83;Delivery Truck;-426.54;20.98;Christina DeMoss;Home Office;Office Supplies;;;;;;;;
3,973;3/23/12;21;316.35;Regular Air;117.91;15.68;Bobby Odegard;Corporate;Furniture;;;;;;;;
4,004;5/6/10;14;63.52;Regular Air;8.66;4.84;Sheri Gordon;Corporate;Office Supplies;;;;;;;;
4,004;5/6/10;44;1,512.25;Regular Air;195.48;34.58;Sheri Gordon;Corporate;Office Supplies;;;;;;;;
4,006;1/3/11;38;1,441.61;Regular Air;624.84;37.94;Jas O'Carroll;Corporate;Office Supplies;;;;;;;;
4,007;6/17/10;18;1,038.40;Regular Air;112.36;56.96;Jack Lebron;Corporate;Office Supplies;;;;;;;;
4,007;6/17/10;1;305.82;Regular Air;-232.24;279.48;Jack Lebron;Corporate;Office Supplies;;;;;;;;
4,033;6/1/10;21;763.12;Regular Air;140.33;34.76;Bill Tyler;Consumer;Office Supplies;;;;;;;;
4,033;6/1/10;38;19,269.05;Delivery Truck;4,127.79;500.98;Bill Tyler;Consumer;Furniture;;;;;;;;
4,034;11/13/10;44;3,367.24;Regular Air;-1,183.69;79.52;Christine Sundaresam;Small Business;Furniture;;;;;;;;
4,034;11/13/10;37;5,723.24;Delivery Truck;-194.97;145.98;Christine Sundaresam;Small Business;Furniture;;;;;;;;
4,037;3/23/10;27;188.07;Regular Air;-101.85;6.48;Bruce Stewart;Corporate;Office Supplies;;;;;;;;
4,067;10/6/12;16;118.38;Regular Air;-42.46;7.10;Shahid Shariari;Corporate;Office Supplies;;;;;;;;
4,069;5/12/12;8;54.43;Regular Air;-31.63;6.48;Harold Dahlen;Consumer;Office Supplies;;;;;;;;
4,069;5/12/12;47;124.94;Express Air;-2.40;2.78;Harold Dahlen;Consumer;Office Supplies;;;;;;;;
4,069;5/12/12;30;78.46;Regular Air;18.57;2.62;Harold Dahlen;Consumer;Office Supplies;;;;;;;;
4,070;6/11/11;22;646.07;Express Air;237.75;28.48;Joe Elijah;Home Office;Technology;;;;;;;;
4,096;7/2/12;21;128.28;Regular Air;53.58;6.30;Bill Eplett;Corporate;Office Supplies;;;;;;;;
4,099;8/20/12;42;1,691.51;Regular Air;285.16;42.76;Ed Braxton;Consumer;Office Supplies;;;;;;;;
4,099;8/20/12;12;122.93;Regular Air;-6.83;9.78;Ed Braxton;Consumer;Office Supplies;;;;;;;;
4,099;8/20/12;4;47.86;Regular Air;-17.32;9.48;Ed Braxton;Consumer;Furniture;;;;;;;;
4,099;8/20/12;39;3,607.85;Regular Air;784.49;110.99;Ed Braxton;Consumer;Technology;;;;;;;;
4,103;7/2/12;3;42.50;Regular Air;-28.43;11.66;Denise Leinenbach;Home Office;Office Supplies;;;;;;;;
4,128;10/6/11;38;391.42;Regular Air;25.03;9.99;Allen Golden;Consumer;Office Supplies;;;;;;;;
4,132;5/28/11;5;14.76;Regular Air;1.32;2.88;Aaron Bergman;Corporate;Office Supplies;;;;;;;;
4,134;1/11/11;48;6,403.39;Delivery Truck;-824.15;130.98;Anthony Garverick;Small Business;Furniture;;;;;;;;
4,134;1/11/11;23;757.91;Regular Air;-16.05;30.97;Anthony Garverick;Small Business;Technology;;;;;;;;
4,162;2/9/12;2;381.60;Regular Air;-319.02;193.17;Alyssa Tate;Small Business;Office Supplies;;;;;;;;
4,166;2/27/10;19;138.85;Regular Air;-49.35;7.10;Patrick Ryan;Corporate;Office Supplies;;;;;;;;
4,193;1/8/09;16;64.29;Regular Air;14.42;4.13;Sandra Flanagan;Home Office;Office Supplies;;;;;;;;
4,193;1/8/09;3;75.77;Regular Air;64.25;22.72;Sandra Flanagan;Home Office;Furniture;;;;;;;;
4,195;5/28/10;30;255.74;Regular Air;37.09;8.50;Art Miller;Corporate;Technology;;;;;;;;
4,199;2/12/12;43;639.71;Express Air;102.53;14.20;Bruce Money;Corporate;Furniture;;;;;;;;
4,230;3/3/12;18;409.16;Regular Air;21.96;22.72;Tamara Willingham;Corporate;Furniture;;;;;;;;
4,230;3/3/12;46;2,508.32;Express Air;456.81;65.99;Tamara Willingham;Corporate;Technology;;;;;;;;
4,257;3/24/11;45;253.89;Regular Air;-83.66;5.58;Liz Price;Consumer;Office Supplies;;;;;;;;
4,261;10/2/12;22;1,556.87;Delivery Truck;-521.42;68.81;Lela Donovan;Corporate;Office Supplies;;;;;;;;
4,261;10/2/12;33;195.98;Regular Air;-71.47;5.98;Lela Donovan;Corporate;Office Supplies;;;;;;;;
4,261;10/2/12;32;9,235.97;Regular Air;2,848.17;300.65;Lela Donovan;Corporate;Office Supplies;;;;;;;;
4,261;10/2/12;48;274.38;Regular Air;-94.82;5.78;Lela Donovan;Corporate;Office Supplies;;;;;;;;
4,294;8/14/12;8;17.72;Regular Air;-15.34;1.74;Mike Vittorini;Small Business;Furniture;;;;;;;;
4,321;7/17/09;47;1,505.57;Express Air;-54.63;30.53;Pauline Chand;Corporate;Office Supplies;;;;;;;;
4,324;7/16/11;28;1,165.33;Regular Air;154.85;40.97;Dan Campbell;Small Business;Office Supplies;;;;;;;;
4,354;9/29/09;6;49.04;Regular Air;7.74;7.38;Erin Creighton;Corporate;Furniture;;;;;;;;
4,359;3/2/10;21;215.76;Regular Air;-97.75;10.90;Kelly Andreada;Home Office;Office Supplies;;;;;;;;
4,387;10/22/11;4;640.21;Delivery Truck;-388.52;150.98;Sandra Flanagan;Corporate;Furniture;;;;;;;;
4,389;5/4/09;35;179.45;Regular Air;-116.35;5.34;Victoria Pisteka;Corporate;Office Supplies;;;;;;;;
4,389;5/4/09;49;7,987.43;Delivery Truck;1,304.90;160.98;Victoria Pisteka;Corporate;Furniture;;;;;;;;
4,389;5/4/09;42;2,455.28;Express Air;693.06;65.99;Victoria Pisteka;Corporate;Technology;;;;;;;;
4,391;2/17/12;20;2,592.43;Regular Air;428.47;155.99;Eugene Moren;Home Office;Technology;;;;;;;;
4,416;6/29/12;46;7,441.29;Regular Air;2,665.40;165.98;Erica Bern;Corporate;Office Supplies;;;;;;;;
4,422;5/21/11;12;313.43;Regular Air;104.03;25.38;Scott Cohen;Consumer;Furniture;;;;;;;;
4,422;5/21/11;17;390.11;Regular Air;-19.92;21.38;Scott Cohen;Consumer;Office Supplies;;;;;;;;
4,451;9/30/09;47;992.95;Regular Air;-65.21;21.38;Tanja Norvell;Corporate;Office Supplies;;;;;;;;
4,454;2/1/09;17;55.45;Regular Air;21.42;3.08;Erica Bern;Corporate;Office Supplies;;;;;;;;
4,455;10/10/10;39;279.29;Regular Air;14.15;7.59;Michael Paige;Small Business;Furniture;;;;;;;;
4,487;2/22/10;50;325.24;Regular Air;-79.42;6.54;Scott Williamson;Small Business;Office Supplies;;;;;;;;
4,512;10/24/11;43;6,077.11;Delivery Truck;-353.66;146.34;Sandra Flanagan;Home Office;Furniture;;;;;;;;
4,514;4/29/09;28;2,841.44;Regular Air;374.63;125.99;Yoseph Carroll;Consumer;Technology;;;;;;;;
4,515;3/16/12;7;887.94;Regular Air;49.45;120.97;Vivian Mathis;Consumer;Technology;;;;;;;;
4,516;3/28/09;42;294.78;Regular Air;-113.45;6.68;Ryan Crowe;Small Business;Office Supplies;;;;;;;;
4,545;1/16/10;33;126.38;Regular Air;26.64;4;Pauline Chand;Small Business;Office Supplies;;;;;;;;
4,545;1/16/10;4;33.10;Regular Air;-24.15;6.48;Pauline Chand;Small Business;Office Supplies;;;;;;;;
4,550;12/28/09;32;3,730.54;Delivery Truck;1,369.09;119.99;Gary Zandusky;Home Office;Technology;;;;;;;;
4,578;9/12/12;45;282.71;Regular Air;-141.44;6.48;Roy Skaria;Corporate;Office Supplies;;;;;;;;
4,578;9/12/12;48;724.13;Regular Air;-250.53;14.81;Roy Skaria;Corporate;Office Supplies;;;;;;;;
4,578;9/12/12;15;294.66;Regular Air;86.33;20.24;Roy Skaria;Corporate;Furniture;;;;;;;;
4,579;11/30/11;40;1,765.05;Regular Air;749.22;43.41;Dennis Bolton;Small Business;Office Supplies;;;;;;;;
4,580;11/14/10;28;7,384.54;Delivery Truck;-2,301.53;280.98;Carlos Meador;Consumer;Furniture;;;;;;;;
4,581;9/3/12;25;2,325.42;Regular Air;739.91;90.48;Thea Hendricks;Home Office;Office Supplies;;;;;;;;
4,583;9/24/09;44;3,021.64;Delivery Truck;-720.20;70.98;Maxwell Schwartz;Corporate;Furniture;;;;;;;;
4,610;6/17/10;8;66.88;Regular Air;-17.01;8.33;Odella Nelson;Small Business;Technology;;;;;;;;
4,610;6/17/10;29;447.34;Regular Air;203.01;15.67;Odella Nelson;Small Business;Office Supplies;;;;;;;;
4,611;1/9/10;32;16,172.44;Delivery Truck;7,176.12;500.98;Steven Ward;Consumer;Technology;;;;;;;;
4,612;9/19/10;9;89.55;Regular Air;-375.64;4.48;Jim Radford;Corporate;Office Supplies;;;;;;;;
4,642;2/26/11;9;65.61;Regular Air;-39.74;7.28;Shahid Shariari;Corporate;Technology;;;;;;;;
4,642;2/26/11;21;309.62;Express Air;-80.20;14.03;Shahid Shariari;Corporate;Office Supplies;;;;;;;;
4,645;9/19/09;30;920;Regular Air;-45.07;30.73;Clytie Kelty;Small Business;Technology;;;;;;;;
4,645;9/19/09;7;104.20;Regular Air;-8.53;14.56;Clytie Kelty;Small Business;Office Supplies;;;;;;;;
4,645;9/19/09;11;3,563.88;Regular Air;285.95;299.99;Clytie Kelty;Small Business;Technology;;;;;;;;
4,647;5/13/09;33;1,590.16;Regular Air;-57.54;55.99;Carlos Meador;Corporate;Technology;;;;;;;;
4,647;5/13/09;34;482.93;Regular Air;-67.59;13.90;Carlos Meador;Corporate;Office Supplies;;;;;;;;
4,647;5/13/09;7;1,203.73;Regular Air;293.14;162.93;Carlos Meador;Corporate;Office Supplies;;;;;;;;
4,647;5/13/09;6;75.19;Regular Air;-6.61;11.58;Carlos Meador;Corporate;Office Supplies;;;;;;;;
4,672;11/6/11;20;152.44;Regular Air;-16.64;7.70;Alan Dominguez;Corporate;Furniture;;;;;;;;
4,674;4/18/09;23;3,041.33;Delivery Truck;-260.41;130.98;Christina Anderson;Corporate;Furniture;;;;;;;;
4,675;11/24/10;4;17.89;Regular Air;-1.15;3.98;Rick Wilson;Consumer;Office Supplies;;;;;;;;
4,676;8/31/11;11;1,210.05;Regular Air;-104.25;125.99;Annie Cyprus;Home Office;Technology;;;;;;;;
4,676;8/31/11;50;187.83;Regular Air;85.96;3.75;Annie Cyprus;Home Office;Office Supplies;;;;;;;;
4,676;8/31/11;3;49.59;Express Air;-8.38;12.28;Annie Cyprus;Home Office;Office Supplies;;;;;;;;
4,676;8/31/11;30;4,253.01;Regular Air;1,115.69;155.99;Annie Cyprus;Home Office;Technology;;;;;;;;
4,705;3/21/12;16;123.85;Regular Air;-71.44;7.98;Adrian Hane;Corporate;Office Supplies;;;;;;;;
4,706;12/28/12;30;2,116.70;Regular Air;488.82;67.28;Bradley Drucker;Small Business;Office Supplies;;;;;;;;
4,708;9/30/09;29;180.38;Regular Air;-119.32;6.48;Michelle Tran;Corporate;Office Supplies;;;;;;;;
4,737;3/10/10;49;314.21;Regular Air;49.77;5.88;Roy Collins;Corporate;Office Supplies;;;;;;;;
4,738;4/7/12;2;10.39;Regular Air;-7.97;4.71;David Kendrick;Home Office;Office Supplies;;;;;;;;
4,739;2/20/10;16;48.57;Regular Air;4.21;2.94;Lynn Smith;Corporate;Office Supplies;;;;;;;;
4,741;7/6/12;40;342.97;Regular Air;-131.63;8.75;Anthony O'Donnell;Consumer;Furniture;;;;;;;;
4,743;3/30/10;29;352.55;Regular Air;128.99;12.97;Gary Zandusky;Home Office;Office Supplies;;;;;;;;
4,743;3/30/10;32;719.64;Regular Air;-245.62;20.89;Gary Zandusky;Home Office;Office Supplies;;;;;;;;
4,769;4/13/11;41;117.40;Regular Air;48.63;2.88;Ben Wallace;Home Office;Office Supplies;;;;;;;;
4,771;12/13/12;4;135.93;Delivery Truck;-126.47;31.76;Christy Brittain;Consumer;Furniture;;;;;;;;
4,772;9/13/09;28;1,560.62;Regular Air;214.29;65.99;Neil Knudson;Corporate;Technology;;;;;;;;
4,773;12/22/11;48;6,746.31;Delivery Truck;-433.29;179.29;Liz Willingham;Home Office;Furniture;;;;;;;;
4,773;12/22/11;26;311.38;Regular Air;34.12;11.58;Liz Willingham;Home Office;Office Supplies;;;;;;;;
4,774;4/19/10;4;126.87;Regular Air;-125.99;32.98;Lindsay Williams;Corporate;Technology;;;;;;;;
4,800;1/5/12;4;41.94;Regular Air;-26.17;8.04;Max Engle;Corporate;Office Supplies;;;;;;;;
4,800;1/5/12;17;89.25;Regular Air;40.88;4.91;Max Engle;Corporate;Office Supplies;;;;;;;;
4,800;1/5/12;7;79.81;Regular Air;-4.28;11.55;Max Engle;Corporate;Office Supplies;;;;;;;;
4,804;1/27/12;13;463.83;Regular Air;103.26;33.98;Kean Thornton;Corporate;Technology;;;;;;;;
4,805;4/24/12;7;55.38;Regular Air;-25.95;6.48;Tony Sayre;Small Business;Office Supplies;;;;;;;;
4,835;10/24/09;3;9.40;Regular Air;-7.60;2.52;Eugene Moren;Home Office;Office Supplies;;;;;;;;
4,839;5/9/09;24;159.43;Regular Air;-120.59;6.48;Sally Hughsby;Consumer;Office Supplies;;;;;;;;
4,864;11/10/12;16;4,901.99;Regular Air;1,724.68;315.98;Ralph Kennedy;Corporate;Office Supplies;;;;;;;;
4,870;8/5/09;44;17,248.09;Delivery Truck;2,048.63;400.98;Luke Foster;Corporate;Furniture;;;;;;;;
4,871;6/11/11;8;775.74;Delivery Truck;-215.39;89.99;Neil French;Consumer;Furniture;;;;;;;;
4,871;6/11/11;26;238.34;Regular Air;-19.31;9.31;Neil French;Consumer;Office Supplies;;;;;;;;
4,896;8/21/12;25;831.52;Regular Air;259.47;35.41;Michael Stewart;Small Business;Technology;;;;;;;;
4,896;8/21/12;10;1,089.87;Express Air;-124.51;125.99;Michael Stewart;Small Business;Technology;;;;;;;;
4,896;8/21/12;21;121.30;Regular Air;-64.87;5.80;Michael Stewart;Small Business;Office Supplies;;;;;;;;
4,931;11/16/09;22;168.31;Regular Air;46.49;8.17;Giulietta Dortch;Corporate;Office Supplies;;;;;;;;
4,931;11/16/09;45;4,282.73;Regular Air;1,371.74;110.99;Giulietta Dortch;Corporate;Technology;;;;;;;;
4,932;8/9/10;11;109.37;Regular Air;25.96;10.31;Bobby Odegard;Corporate;Office Supplies;;;;;;;;
4,935;5/24/10;30;106.64;Regular Air;-31.95;3.68;Xylona Price;Corporate;Office Supplies;;;;;;;;
4,960;2/25/11;4;40.87;Express Air;-16.38;6.48;Corinna Mitchell;Corporate;Office Supplies;;;;;;;;
4,960;2/25/11;30;8,363.65;Delivery Truck;763.33;300.98;Corinna Mitchell;Corporate;Furniture;;;;;;;;
4,965;10/20/10;14;1,068.79;Regular Air;56.05;76.72;Paul Lucas;Corporate;Office Supplies;;;;;;;;
4,965;10/20/10;46;287.13;Regular Air;-186.31;5.78;Paul Lucas;Corporate;Office Supplies;;;;;;;;
4,996;9/13/12;30;4,305.79;Regular Air;1,020.32;142.86;Rob Dowd;Corporate;Office Supplies;;;;;;;;
5,028;4/16/12;10;79.68;Regular Air;18.24;7.70;Art Miller;Corporate;Furniture;;;;;;;;
5,059;11/9/10;5;41.18;Express Air;-19.31;5.44;Randy Bradley;Small Business;Office Supplies;;;;;;;;
5,061;8/13/10;4;12.80;Regular Air;-2.21;2.88;Sean Wendt;Corporate;Office Supplies;;;;;;;;
5,092;10/29/11;3;709.04;Delivery Truck;-337.92;220.98;John Castell;Consumer;Furniture;;;;;;;;
5,092;10/29/11;25;978.77;Regular Air;220.91;38.76;John Castell;Consumer;Office Supplies;;;;;;;;
5,094;3/28/10;2;79.58;Regular Air;-38.28;37.44;Mark Haberlin;Small Business;Office Supplies;;;;;;;;
5,095;4/21/12;7;786.68;Regular Air;-315.03;125.99;Lauren Leatherbury;Corporate;Technology;;;;;;;;
5,121;5/10/12;45;1,991.70;Regular Air;559.11;55.99;Ralph Kennedy;Corporate;Technology;;;;;;;;
5,153;8/25/11;37;4,896.93;Express Air;1,467.82;128.24;Helen Abelman;Home Office;Furniture;;;;;;;;
5,155;6/11/09;14;569.21;Regular Air;-38.51;39.98;Pete Takahito;Corporate;Technology;;;;;;;;
5,188;3/1/11;24;192.80;Regular Air;31.00;8.01;Bradley Drucker;Small Business;Office Supplies;;;;;;;;
5,189;11/25/10;12;900.06;Regular Air;-221.12;73.98;Evan Henry;Corporate;Technology;;;;;;;;
5,189;11/25/10;14;2,066.63;Regular Air;65.58;140.85;Evan Henry;Corporate;Office Supplies;;;;;;;;
5,189;11/25/10;8;24.72;Regular Air;-21.47;2.74;Evan Henry;Corporate;Office Supplies;;;;;;;;
5,217;10/12/11;8;339.35;Express Air;27.88;40.98;Lycoris Saunders;Home Office;Office Supplies;;;;;;;;
5,217;10/12/11;11;33.67;Regular Air;4.08;3.08;Lycoris Saunders;Home Office;Office Supplies;;;;;;;;
5,221;6/8/11;48;1,347.63;Regular Air;562.89;28.48;Robert Dilbeck;Corporate;Technology;;;;;;;;
5,222;5/26/09;40;14,451.75;Delivery Truck;4,503.63;349.45;Tonja Turnell;Consumer;Furniture;;;;;;;;
5,251;4/11/11;38;3,821.04;Express Air;1,057.89;115.99;Tamara Dahlen;Corporate;Technology;;;;;;;;
5,254;7/25/12;31;1,735.35;Regular Air;258.62;65.99;William Brown;Corporate;Technology;;;;;;;;
5,281;11/1/11;36;4,733.70;Delivery Truck;624.36;120.98;Irene Maddox;Consumer;Furniture;;;;;;;;
5,281;11/1/11;14;2,718.07;Regular Air;1,107.53;209.84;Irene Maddox;Consumer;Furniture;;;;;;;;
5,283;6/3/09;23;2,508.67;Regular Air;417.47;125.99;Gary Zandusky;Home Office;Technology;;;;;;;;
5,284;7/8/11;7;59.38;Regular Air;-3.05;8.69;Annie Cyprus;Home Office;Office Supplies;;;;;;;;
5,316;1/30/09;42;1,285.37;Regular Air;514.07;31.78;Clay Rozendal;Corporate;Technology;;;;;;;;
5,317;9/8/09;38;212.57;Express Air;9.49;5.34;Christopher Martinez;Small Business;Office Supplies;;;;;;;;
5,317;9/8/09;10;1,469.48;Delivery Truck;-263.65;140.98;Christopher Martinez;Small Business;Furniture;;;;;;;;
5,317;9/8/09;25;4,279.24;Regular Air;890.18;205.99;Christopher Martinez;Small Business;Technology;;;;;;;;
5,318;4/3/10;8;1,042.25;Regular Air;195.16;131.12;Matt Collins;Consumer;Office Supplies;;;;;;;;
5,318;4/3/10;29;5,010.74;Express Air;1,196.37;200.99;Matt Collins;Consumer;Technology;;;;;;;;
5,346;12/25/10;34;2,932.99;Regular Air;-1,448.83;90.98;Khloe Miller;Home Office;Furniture;;;;;;;;
5,346;12/25/10;45;9,194.80;Delivery Truck;-1,760.57;218.75;Khloe Miller;Home Office;Furniture;;;;;;;;
5,346;12/25/10;17;2,285.12;Delivery Truck;-455.80;140.98;Khloe Miller;Home Office;Furniture;;;;;;;;
5,347;2/21/11;7;525.56;Regular Air;-60.67;85.99;Kelly Williams;Corporate;Technology;;;;;;;;
5,347;2/21/11;39;276.03;Regular Air;-108.19;7.99;Kelly Williams;Corporate;Technology;;;;;;;;
5,347;2/21/11;1;187.20;Regular Air;-796.76;205.99;Kelly Williams;Corporate;Technology;;;;;;;;
5,350;10/9/10;39;434.73;Regular Air;-12.20;11.33;Carl Weiss;Consumer;Office Supplies;;;;;;;;
5,350;10/9/10;50;7,017.42;Regular Air;595.20;140.85;Carl Weiss;Consumer;Office Supplies;;;;;;;;
5,378;10/24/12;6;54.28;Express Air;-11.98;6.24;Christine Abelman;Corporate;Furniture;;;;;;;;
5,381;1/28/10;47;4,888.14;Regular Air;1,545.09;107.53;Edward Nazzal;Home Office;Furniture;;;;;;;;
5,381;1/28/10;27;63.87;Regular Air;-149.93;2.18;Edward Nazzal;Home Office;Office Supplies;;;;;;;;
5,382;1/12/12;30;260.12;Regular Air;36.54;8.98;Michelle Tran;Consumer;Furniture;;;;;;;;
5,408;7/20/12;20;88.82;Regular Air;38.35;4.13;Bobby Elias;Small Business;Office Supplies;;;;;;;;
5,408;7/20/12;11;2,392.23;Regular Air;1,216.74;209.84;Bobby Elias;Small Business;Furniture;;;;;;;;
5,409;1/8/12;11;48.91;Regular Air;-7.04;3.98;Don Jones;Corporate;Office Supplies;;;;;;;;
5,414;3/24/10;14;284.62;Express Air;-27.08;20.98;Michelle Tran;Corporate;Office Supplies;;;;;;;;
5,441;7/20/09;34;226.83;Regular Air;-92.05;6.48;Brendan Sweed;Consumer;Office Supplies;;;;;;;;
5,441;7/20/09;16;278.92;Regular Air;6.11;17.15;Brendan Sweed;Consumer;Office Supplies;;;;;;;;
5,444;3/17/11;2;885.94;Regular Air;-2,024.08;449.99;Frank Carlisle;Small Business;Technology;;;;;;;;
5,445;7/25/10;4;29.42;Express Air;14.43;3.69;Michael Dominguez;Home Office;Office Supplies;;;;;;;;
5,445;7/25/10;9;46.48;Regular Air;-1.82;4.63;Michael Dominguez;Home Office;Office Supplies;;;;;;;;
5,446;6/20/09;42;433.68;Regular Air;44.10;10.98;Guy Armstrong;Corporate;Office Supplies;;;;;;;;
5,472;4/10/10;32;216.08;Regular Air;-84.33;6.48;Karl Brown;Corporate;Office Supplies;;;;;;;;
5,472;4/10/10;27;339.03;Regular Air;-24.44;13.48;Karl Brown;Corporate;Office Supplies;;;;;;;;
5,472;4/10/10;12;1,098.15;Regular Air;-182.97;115.99;Karl Brown;Corporate;Technology;;;;;;;;
5,473;3/24/12;42;355.69;Regular Air;-149.46;8.74;Shahid Hopkins;Small Business;Office Supplies;;;;;;;;
5,504;1/5/10;6;49.55;Express Air;-20.33;5.78;Anna Andreadi;Small Business;Office Supplies;;;;;;;;
5,504;1/5/10;15;606.56;Regular Air;20.23;45.99;Anna Andreadi;Small Business;Technology;;;;;;;;
5,506;11/7/10;22;129.62;Regular Air;4.41;5.88;Beth Thompson;Corporate;Office Supplies;;;;;;;;
5,509;4/7/09;11;68.46;Regular Air;-22.48;5.58;Ashley Jarboe;Home Office;Office Supplies;;;;;;;;
5,509;4/7/09;21;885.23;Regular Air;78.98;40.89;Ashley Jarboe;Home Office;Furniture;;;;;;;;
5,510;1/7/10;12;116.38;Regular Air;29.68;9.68;Denise Leinenbach;Home Office;Office Supplies;;;;;;;;
5,511;11/28/09;46;129.44;Express Air;-5.54;2.58;Art Ferguson;Corporate;Office Supplies;;;;;;;;
5,511;11/28/09;32;1,829.39;Regular Air;482.45;65.99;Art Ferguson;Corporate;Technology;;;;;;;;
5,538;12/24/10;43;1,281.28;Regular Air;415.85;29.17;Julia Dunbar;Consumer;Office Supplies;;;;;;;;
5,538;12/24/10;13;1,940.31;Delivery Truck;-668.19;146.05;Julia Dunbar;Consumer;Furniture;;;;;;;;
5,538;12/24/10;4;430.85;Regular Air;-492.77;125.99;Julia Dunbar;Consumer;Technology;;;;;;;;
5,543;9/24/10;15;703.54;Regular Air;138.46;48.58;Fred Chung;Corporate;Office Supplies;;;;;;;;
5,543;9/24/10;6;65.93;Regular Air;11.06;10.31;Fred Chung;Corporate;Office Supplies;;;;;;;;
5,543;9/24/10;27;67.30;Regular Air;-115.38;2.18;Fred Chung;Corporate;Office Supplies;;;;;;;;
5,568;6/6/11;8;120.22;Regular Air;52.69;14.34;Randy Ferguson;Home Office;Furniture;;;;;;;;
5,569;4/29/10;12;118.97;Regular Air;-0.06;9.65;Frank Price;Corporate;Furniture;;;;;;;;
5,572;7/16/09;37;288.55;Regular Air;-133.70;7.37;Anna Gayman;Corporate;Technology;;;;;;;;
5,575;7/23/11;41;254.69;Regular Air;-269.37;5.98;Rick Hansen;Corporate;Office Supplies;;;;;;;;
5,601;1/5/12;10;120.53;Regular Air;49.26;12.22;Gary Hansen;Consumer;Furniture;;;;;;;;
5,607;12/31/11;8;61.87;Regular Air;-50.33;7.99;Michelle Lonsdale;Home Office;Technology;;;;;;;;
5,635;8/15/12;17;198.78;Regular Air;-28.35;11.50;Nick Radford;Corporate;Office Supplies;;;;;;;;
5,635;8/15/12;50;281.58;Regular Air;-161.56;5.77;Nick Radford;Corporate;Furniture;;;;;;;;
5,636;2/15/11;23;138.17;Regular Air;-1.09;5.85;Dennis Kane;Small Business;Office Supplies;;;;;;;;
5,639;6/1/09;31;501.38;Regular Air;-71.95;15.31;Raymond Fair;Small Business;Office Supplies;;;;;;;;
5,696;5/3/11;4;2,206.17;Regular Air;251.43;525.98;Theresa Swint;Consumer;Office Supplies;;;;;;;;
5,696;5/3/11;40;621.12;Regular Air;190.53;16.51;Theresa Swint;Consumer;Office Supplies;;;;;;;;
5,696;5/3/11;31;175.92;Regular Air;-93.41;5.98;Theresa Swint;Consumer;Technology;;;;;;;;
5,697;10/4/12;31;371.68;Regular Air;-13.32;11.29;Max Jones;Home Office;Office Supplies;;;;;;;;
5,698;5/20/09;15;297.05;Regular Air;-16.89;20.48;Kristina Nunn;Consumer;Office Supplies;;;;;;;;
5,698;5/20/09;7;108.26;Regular Air;25.51;15.67;Kristina Nunn;Consumer;Office Supplies;;;;;;;;
5,699;7/29/12;2;9.25;Regular Air;-4.21;4.13;Sean Miller;Small Business;Office Supplies;;;;;;;;
5,699;7/29/12;41;573.89;Express Air;-121.44;14.98;Sean Miller;Small Business;Office Supplies;;;;;;;;
5,702;9/6/10;20;2,039.39;Regular Air;199.73;99.99;Grant Thornton;Corporate;Technology;;;;;;;;
5,703;5/15/10;29;357.96;Regular Air;10.44;12.28;Joni Blumstein;Consumer;Office Supplies;;;;;;;;
5,735;12/10/09;10;2,665.64;Delivery Truck;-107.49;280.98;Art Foster;Home Office;Furniture;;;;;;;;
5,760;5/24/09;34;5,261.73;Delivery Truck;650.30;150.98;Nancy Lomonaco;Home Office;Furniture;;;;;;;;
5,764;10/2/10;23;193.79;Regular Air;-117.16;8.04;Daniel Lacy;Small Business;Office Supplies;;;;;;;;
5,765;12/14/09;23;849.46;Regular Air;9.06;35.44;Jonathan Doherty;Corporate;Office Supplies;;;;;;;;
5,767;4/28/12;36;163.54;Express Air;-95.06;4.13;Jessica Myrick;Small Business;Office Supplies;;;;;;;;
5,767;4/28/12;31;2,390.54;Regular Air;756.10;82.99;Jessica Myrick;Small Business;Technology;;;;;;;;
5,799;8/2/11;34;9,626.86;Delivery Truck;1,882.20;294.62;Jack O'Briant;Small Business;Office Supplies;;;;;;;;
5,828;3/5/09;21;6,005.21;Delivery Truck;-450.70;296.18;Christina DeMoss;Home Office;Furniture;;;;;;;;
5,830;3/24/10;49;2,012.14;Regular Air;241.74;40.97;Shirley Jackson;Corporate;Furniture;;;;;;;;
5,856;11/5/09;42;10,307.01;Delivery Truck;3,025.59;230.98;Christopher Martinez;Small Business;Furniture;;;;;;;;
5,858;7/13/12;48;2,531.66;Regular Air;354.74;50.98;Sibella Parks;Small Business;Office Supplies;;;;;;;;
5,858;7/13/12;29;5,382.31;Regular Air;1,419.05;205.99;Sibella Parks;Small Business;Technology;;;;;;;;
5,860;2/19/12;12;56.73;Regular Air;8.33;4.84;Annie Thurman;Consumer;Office Supplies;;;;;;;;
5,863;11/21/10;40;933.21;Regular Air;207.18;22.98;Guy Thornton;Corporate;Furniture;;;;;;;;
5,890;11/3/12;42;813.54;Express Air;435.95;20.99;David Philippe;Consumer;Technology;;;;;;;;
5,891;12/28/12;2;44.45;Regular Air;-17.46;20.98;Art Foster;Home Office;Office Supplies;;;;;;;;
5,894;8/12/09;7;384.33;Regular Air;87.68;58.10;Ann Chong;Corporate;Office Supplies;;;;;;;;
5,894;8/12/09;3;239.03;Regular Air;-68.22;80.48;Ann Chong;Corporate;Office Supplies;;;;;;;;
5,920;11/19/09;4;582.59;Regular Air;-121.75;155.06;Nat Gilpin;Consumer;Office Supplies;;;;;;;;
5,921;4/6/09;27;384.74;Express Air;2.69;13.43;Maurice Satty;Corporate;Office Supplies;;;;;;;;
5,925;11/12/11;44;3,922.42;Regular Air;-354.90;92.23;Joy Bell;Home Office;Furniture;;;;;;;;
5,925;11/12/11;25;1,733.36;Regular Air;-267.01;85.99;Joy Bell;Home Office;Technology;;;;;;;;
5,954;12/2/12;32;18,316.30;Delivery Truck;4,569.06;596.98;Ken Heidel;Corporate;Technology;;;;;;;;
5,957;12/26/10;15;68.32;Regular Air;-66.72;4.28;Ionia McGrath;Small Business;Office Supplies;;;;;;;;
5,957;12/26/10;3;536.38;Delivery Truck;-258.80;150.98;Ionia McGrath;Small Business;Furniture;;;;;;;;
5,957;12/26/10;23;391.88;Regular Air;-38.02;20.99;Ionia McGrath;Small Business;Technology;;;;;;;;
5,958;9/15/11;3;2,036.97;Regular Air;-2,397.44;699.99;Giulietta Dortch;Small Business;Technology;;;;;;;;
5,958;9/15/11;21;2,629.66;Delivery Truck;27.74;159.31;Giulietta Dortch;Small Business;Furniture;;;;;;;;
5,984;6/17/09;37;394.62;Regular Air;-31.39;10.89;Eric Barreto;Consumer;Office Supplies;;;;;;;;
5,984;6/17/09;42;464.64;Regular Air;14.48;10.64;Eric Barreto;Consumer;Furniture;;;;;;;;
5,984;6/17/09;11;96.68;Regular Air;22.25;7.96;Eric Barreto;Consumer;Furniture;;;;;;;;
5,986;4/21/12;48;5,556.18;Regular Air;1,638.48;120.98;Filia McAdams;Small Business;Office Supplies;;;;;;;;
5,986;4/21/12;20;1,021.55;Delivery Truck;64.81;50.98;Filia McAdams;Small Business;Furniture;;;;;;;;
5,986;4/21/12;41;205.24;Regular Air;-148.77;4.89;Filia McAdams;Small Business;Technology;;;;;;;;
5,988;11/21/10;40;19,109.61;Express Air;-379.29;499.99;Sanjit Chand;Home Office;Technology;;;;;;;;
5,989;10/14/11;6;155.48;Regular Air;-6.64;25.98;Ellis Ballard;Corporate;Office Supplies;;;;;;;;
5,989;10/14/11;21;56.77;Regular Air;-3.20;2.78;Ellis Ballard;Corporate;Office Supplies;;;;;;;;
5,990;4/7/10;9;63.91;Regular Air;-27.78;6.48;Eric Murdock;Home Office;Office Supplies;;;;;;;;
6,016;1/20/12;19;208.28;Regular Air;3.63;11.48;Skye Norling;Home Office;Office Supplies;;;;;;;;
6,018;8/18/12;39;206.09;Regular Air;36.04;5.08;Toby Grace;Home Office;Furniture;;;;;;;;
6,018;8/18/12;2;124.25;Regular Air;-55.78;55.98;Toby Grace;Home Office;Office Supplies;;;;;;;;
6,020;9/21/09;23;66.09;Regular Air;13.71;2.88;Arianne Irving;Corporate;Office Supplies;;;;;;;;
6,050;3/28/10;3;261.94;Delivery Truck;-219.78;80.97;Phillip Flathmann;Small Business;Technology;;;;;;;;
6,050;3/28/10;47;9,574.82;Regular Air;-505.98;209.37;Phillip Flathmann;Small Business;Furniture;;;;;;;;
6,053;12/11/10;4;16.08;Regular Air;-3.75;3.80;Maureen Fritzler;Corporate;Office Supplies;;;;;;;;
6,054;9/8/11;6;27.32;Express Air;-5.87;2.08;Aleksandra Gannaway;Corporate;Furniture;;;;;;;;
6,054;9/8/11;43;643.31;Express Air;-231.34;15.42;Aleksandra Gannaway;Corporate;Office Supplies;;;;;;;;
6,086;9/22/11;48;1,734.72;Regular Air;57.89;35.44;Michael Kennedy;Corporate;Office Supplies;;;;;;;;
6,112;8/23/09;10;1,597.37;Delivery Truck;-533.69;146.05;Arianne Irving;Corporate;Furniture;;;;;;;;
6,112;8/23/09;31;1,753.96;Regular Air;382.39;65.99;Arianne Irving;Corporate;Technology;;;;;;;;
6,115;9/11/10;25;409.08;Regular Air;78.86;17.78;Matt Collins;Consumer;Furniture;;;;;;;;
6,116;3/20/09;7;150.77;Regular Air;-72.23;19.98;Barry Weirich;Corporate;Technology;;;;;;;;
6,116;3/20/09;6;9,620.82;Regular Air;-1,759.58;1,637.53;Barry Weirich;Corporate;Office Supplies;;;;;;;;
6,117;12/21/12;7;157.03;Regular Air;13.21;22.23;Annie Thurman;Home Office;Furniture;;;;;;;;
6,144;6/21/09;24;67.35;Regular Air;22.63;2.88;Ralph Kennedy;Corporate;Office Supplies;;;;;;;;
6,144;6/21/09;4;1,472.31;Delivery Truck;-223.59;348.21;Ralph Kennedy;Corporate;Furniture;;;;;;;;
6,148;12/24/11;50;510.56;Regular Air;-29.40;10.64;Mathew Reese;Small Business;Furniture;;;;;;;;
6,148;12/24/11;18;389.52;Express Air;116.37;20.28;Mathew Reese;Small Business;Furniture;;;;;;;;
6,150;10/1/12;38;191.14;Regular Air;82.65;4.98;Mitch Gastineau;Small Business;Office Supplies;;;;;;;;
6,179;6/2/09;50;477.53;Regular Air;197.76;9.78;Elpida Rittenbach;Consumer;Office Supplies;;;;;;;;
6,179;6/2/09;15;2,690.75;Regular Air;234.61;200.99;Elpida Rittenbach;Consumer;Technology;;;;;;;;
6,180;4/11/11;44;2,443.34;Regular Air;590.32;65.99;Sung Chung;Home Office;Technology;;;;;;;;
6,182;7/21/12;40;255.48;Regular Air;-116.79;6.48;Grant Carroll;Corporate;Office Supplies;;;;;;;;
6,182;7/21/12;18;130.32;Express Air;-67.28;6.48;Grant Carroll;Corporate;Office Supplies;;;;;;;;
6,183;6/15/12;41;1,991.93;Regular Air;951.50;48.94;Ionia McGrath;Small Business;Office Supplies;;;;;;;;
6,211;11/23/09;28;67.72;Regular Air;-142.67;2.16;Nona Balk;Corporate;Office Supplies;;;;;;;;
6,211;11/23/09;3;68.64;Regular Air;-38.93;21.38;Nona Balk;Corporate;Office Supplies;;;;;;;;
6,241;12/29/09;24;133.94;Express Air;45.00;5.84;Henry Goldwyn;Small Business;Office Supplies;;;;;;;;
6,241;12/29/09;29;5,433.09;Regular Air;1,365.28;205.99;Henry Goldwyn;Small Business;Technology;;;;;;;;
6,246;10/21/09;13;52.38;Regular Air;11.72;3.93;Philip Brown;Home Office;Office Supplies;;;;;;;;
6,272;2/27/10;33;497.40;Regular Air;37.90;14.98;Randy Ferguson;Corporate;Furniture;;;;;;;;
6,272;2/27/10;48;4,965.38;Delivery Truck;-175.46;124.49;Randy Ferguson;Corporate;Furniture;;;;;;;;
6,272;2/27/10;8;358.42;Express Air;-275.06;55.99;Randy Ferguson;Corporate;Technology;;;;;;;;
6,272;2/27/10;31;3,232.68;Regular Air;875.45;105.98;Randy Ferguson;Corporate;Furniture;;;;;;;;
6,274;7/14/11;22;46.36;Express Air;-56.73;1.74;Eugene Moren;Home Office;Furniture;;;;;;;;
6,279;1/29/10;49;3,283.74;Regular Air;723.33;67.28;Katrina Willman;Consumer;Office Supplies;;;;;;;;
6,304;8/11/11;30;199.11;Regular Air;-83.33;6.48;Adam Shillingsburg;Corporate;Office Supplies;;;;;;;;
6,309;6/9/10;10;29.79;Regular Air;3.76;2.88;Art Miller;Corporate;Office Supplies;;;;;;;;
6,310;5/3/09;27;216.95;Regular Air;-88.82;8.09;Katharine Harms;Consumer;Furniture;;;;;;;;
6,311;2/10/10;18;1,297.45;Regular Air;4.21;85.99;Anna Gayman;Corporate;Technology;;;;;;;;
6,336;8/28/11;43;320.26;Express Air;-84.13;7.10;Joseph Holt;Home Office;Office Supplies;;;;;;;;
6,337;8/31/11;48;3,397.72;Regular Air;-912.08;70.71;Justin Knight;Corporate;Furniture;;;;;;;;
6,337;8/31/11;1;449.42;Delivery Truck;-261.61;376.13;Justin Knight;Corporate;Furniture;;;;;;;;
6,339;12/11/12;20;303.69;Regular Air;-50.84;14.98;Jonathan Doherty;Corporate;Office Supplies;;;;;;;;
6,368;2/22/09;40;19,100.45;Delivery Truck;6,839.95;442.14;Anthony O'Donnell;Corporate;Technology;;;;;;;;
6,369;12/19/09;30;14,922.16;Delivery Truck;545.70;550.98;Denise Leinenbach;Corporate;Furniture;;;;;;;;
6,373;1/23/12;1;62.77;Regular Air;-36.84;60.97;Denise Leinenbach;Home Office;Office Supplies;;;;;;;;
6,374;8/7/11;29;857.42;Express Air;51.18;31.11;Ricardo Emerson;Corporate;Technology;;;;;;;;
6,374;8/7/11;1;2.24;Regular Air;-1.97;1.48;Ricardo Emerson;Corporate;Office Supplies;;;;;;;;
6,402;4/23/11;35;373.33;Regular Air;-22.18;10.23;Nathan Mautz;Corporate;Office Supplies;;;;;;;;
6,403;2/11/11;41;17,874.26;Regular Air;6,247.95;419.19;John Lucas;Small Business;Office Supplies;;;;;;;;
6,406;8/14/09;43;92.63;Regular Air;-70.80;2.08;Mick Crebagga;Home Office;Office Supplies;;;;;;;;
6,432;11/10/11;30;311.08;Regular Air;-38.45;10.89;Lena Creighton;Corporate;Office Supplies;;;;;;;;
6,433;11/22/11;41;159.26;Regular Air;73.89;3.69;Matt Collister;Home Office;Office Supplies;;;;;;;;
6,434;6/7/09;13;59.58;Regular Air;14.49;4.76;Rob Haberlin;Corporate;Office Supplies;;;;;;;;
6,438;5/16/10;7;75.72;Regular Air;20.29;9.77;Anna Haberlin;Corporate;Furniture;;;;;;;;
6,438;5/16/10;38;225.21;Regular Air;-66.16;5.98;Anna Haberlin;Corporate;Office Supplies;;;;;;;;
6,464;5/28/09;1;57.84;Regular Air;-41.77;60.97;Ralph Arnett;Consumer;Office Supplies;;;;;;;;
6,464;5/28/09;42;3,991.99;Regular Air;-1,014.11;90.98;Ralph Arnett;Consumer;Furniture;;;;;;;;
6,465;8/12/11;36;240.14;Express Air;57.78;6.88;Alan Shonely;Small Business;Office Supplies;;;;;;;;
6,498;3/17/09;38;336.85;Express Air;-40.76;8.12;Julie Prescott;Home Office;Technology;;;;;;;;
6,500;10/12/12;15;448.07;Regular Air;-141.02;30.42;Tony Sayre;Home Office;Technology;;;;;;;;
6,500;10/12/12;20;38.29;Regular Air;-16.15;1.95;Tony Sayre;Home Office;Office Supplies;;;;;;;;
6,501;1/13/12;35;236.99;Regular Air;-95.79;6.48;Arianne Irving;Corporate;Office Supplies;;;;;;;;
6,501;1/13/12;46;4,617.34;Regular Air;978.35;125.99;Arianne Irving;Corporate;Technology;;;;;;;;
6,502;8/20/11;16;116.11;Express Air;-36.46;7.64;Max Jones;Home Office;Office Supplies;;;;;;;;
6,502;8/20/11;30;306.92;Regular Air;13.46;9.99;Max Jones;Home Office;Office Supplies;;;;;;;;
6,529;11/26/12;35;89.71;Regular Air;20.71;2.62;Cynthia Arntzen;Small Business;Office Supplies;;;;;;;;
6,531;7/17/10;42;188.23;Regular Air;-145.10;4.37;Jill Fjeld;Home Office;Office Supplies;;;;;;;;
6,531;7/17/10;28;541.95;Regular Air;143.04;19.84;Jill Fjeld;Home Office;Office Supplies;;;;;;;;
6,535;6/12/12;11;312.36;Express Air;-19.33;28.15;Adrian Hane;Corporate;Office Supplies;;;;;;;;
6,560;1/4/11;20;169.18;Regular Air;-18.73;8.67;Max Ludwig;Corporate;Office Supplies;;;;;;;;
6,560;1/4/11;37;8,252.39;Delivery Truck;1,853.19;280.98;Max Ludwig;Corporate;Furniture;;;;;;;;
6,562;12/20/09;12;17,274.87;Delivery Truck;2,028.12;1,360.14;Brendan Sweed;Consumer;Technology;;;;;;;;
6,564;1/21/11;26;448.23;Regular Air;110.60;15.98;Anne McFarland;Consumer;Technology;;;;;;;;
6,566;5/21/11;21;748.83;Regular Air;250.01;33.98;Kean Thornton;Corporate;Technology;;;;;;;;
6,592;12/1/09;29;194.29;Regular Air;-177.17;6.84;Tamara Chand;Consumer;Office Supplies;;;;;;;;
6,592;12/1/09;33;1,621.10;Express Air;-971.36;48.91;Tamara Chand;Consumer;Office Supplies;;;;;;;;
6,596;7/21/11;36;18,028.07;Delivery Truck;8,157.70;500.98;Chad Sievert;Corporate;Technology;;;;;;;;
6,625;8/15/10;23;21,062.91;Delivery Truck;5,713.53;880.98;Roy Skaria;Corporate;Furniture;;;;;;;;
6,656;5/15/09;45;1,802;Regular Air;508.96;39.06;Dennis Bolton;Small Business;Office Supplies;;;;;;;;
6,656;5/15/09;50;1,832.22;Regular Air;805.43;37.70;Dennis Bolton;Small Business;Office Supplies;;;;;;;;
6,661;4/16/10;47;19,224.92;Delivery Truck;6,635.15;449.99;Clytie Kelty;Small Business;Technology;;;;;;;;
6,661;4/16/10;39;778.62;Regular Air;247.24;19.23;Clytie Kelty;Small Business;Furniture;;;;;;;;
6,693;5/24/12;16;40.85;Regular Air;6.46;2.62;Astrea Jones;Corporate;Office Supplies;;;;;;;;
6,695;6/27/12;49;295.24;Express Air;-279.93;5.81;Natalie Webber;Corporate;Office Supplies;;;;;;;;
6,720;9/9/10;31;164.62;Regular Air;-93.71;5.18;Patrick Jones;Home Office;Office Supplies;;;;;;;;
6,720;9/9/10;36;4,225.77;Delivery Truck;-1,393.69;120.98;Patrick Jones;Home Office;Furniture;;;;;;;;
6,720;9/9/10;8;53.89;Regular Air;17.63;6.30;Patrick Jones;Home Office;Office Supplies;;;;;;;;
6,727;8/29/09;12;33.43;Regular Air;8.47;2.89;Stuart Van;Consumer;Office Supplies;;;;;;;;
6,753;9/26/10;7;53.14;Regular Air;14.57;6.64;Robert Barroso;Small Business;Furniture;;;;;;;;
6,754;8/11/11;13;2,388.64;Regular Air;191.00;205.99;Bill Overfelt;Corporate;Technology;;;;;;;;
6,755;5/1/11;20;156.47;Regular Air;-39.23;7.10;Kelly Lampkin;Home Office;Office Supplies;;;;;;;;
6,757;2/1/12;27;869.78;Regular Air;43.36;34.76;Brooke Gillingham;Small Business;Office Supplies;;;;;;;;
6,757;2/1/12;11;2,503.01;Delivery Truck;-298.62;286.85;Brooke Gillingham;Small Business;Furniture;;;;;;;;
6,785;5/6/12;7;181.32;Regular Air;80.32;25.38;Nathan Mautz;Home Office;Furniture;;;;;;;;
6,788;8/4/11;41;127.84;Express Air;12.69;2.94;Bobby Elias;Small Business;Office Supplies;;;;;;;;
6,788;8/4/11;6;11.15;Regular Air;-2.62;1.81;Bobby Elias;Small Business;Office Supplies;;;;;;;;
6,791;2/1/11;14;730.33;Express Air;110.77;51.98;Lindsay Castell;Small Business;Technology;;;;;;;;
6,823;7/21/09;50;1,262.72;Regular Air;490.28;24.95;Todd Boyes;Small Business;Office Supplies;;;;;;;;
6,823;7/21/09;31;524.19;Regular Air;-135.46;15.98;Todd Boyes;Small Business;Technology;;;;;;;;
6,848;9/13/10;22;116.84;Regular Air;-125.44;5.40;Kelly Collister;Consumer;Office Supplies;;;;;;;;
6,850;2/11/10;8;81.56;Regular Air;-7.23;10.01;Chuck Clark;Corporate;Technology;;;;;;;;
6,850;2/11/10;41;2,088.50;Regular Air;675.07;51.98;Chuck Clark;Corporate;Technology;;;;;;;;
6,850;2/11/10;34;2,126.72;Regular Air;150.04;64.98;Chuck Clark;Corporate;Office Supplies;;;;;;;;
6,850;2/11/10;26;3,753.72;Delivery Truck;-556.25;138.75;Chuck Clark;Corporate;Furniture;;;;;;;;
6,854;1/6/09;1;22.13;Express Air;-2.39;7.68;Victor Price;Consumer;Office Supplies;;;;;;;;
6,854;1/6/09;19;129.84;Express Air;2.39;6.64;Victor Price;Consumer;Furniture;;;;;;;;
6,880;5/25/09;5;235.49;Regular Air;21.78;47.90;Peter Buhler;Consumer;Office Supplies;;;;;;;;
6,884;1/15/09;41;217;Regular Air;-61.21;4.98;Skye Norling;Home Office;Office Supplies;;;;;;;;
6,884;1/15/09;47;296.13;Regular Air;119.09;6.35;Skye Norling;Home Office;Office Supplies;;;;;;;;
6,885;6/19/12;4;481.27;Delivery Truck;-181.27;113.98;Damala Kotsonis;Corporate;Furniture;;;;;;;;
6,885;6/19/12;40;879.54;Regular Air;166.93;23.99;Damala Kotsonis;Corporate;Technology;;;;;;;;
6,886;1/19/12;46;8,177.07;Regular Air;2,385.30;178.47;Maureen Gastineau;Consumer;Office Supplies;;;;;;;;
6,912;12/10/11;14;294.52;Regular Air;15.34;21.78;Alan Shonely;Small Business;Office Supplies;;;;;;;;
6,916;6/4/10;40;436.17;Express Air;-141.27;10.90;Andrew Gjertsen;Consumer;Office Supplies;;;;;;;;
6,918;7/1/11;38;1,559.50;Regular Air;515.83;39.48;Erin Ashbrook;Consumer;Technology;;;;;;;;
6,947;7/19/11;9;520.49;Regular Air;-51.01;51.65;Logan Currie;Small Business;Furniture;;;;;;;;
6,948;12/9/10;15;1,143.88;Regular Air;-88.70;73.98;Phillip Breyer;Corporate;Technology;;;;;;;;
6,950;3/26/12;4;187.40;Regular Air;-225.30;55.99;Dianna Arnett;Home Office;Technology;;;;;;;;
6,978;12/9/10;47;371.95;Regular Air;-87.40;8.12;Art Foster;Home Office;Technology;;;;;;;;
6,979;2/27/09;28;334.89;Regular Air;-1.44;11.99;Keith Dawkins;Home Office;Technology;;;;;;;;
6,980;2/18/10;18;136.29;Regular Air;-77.28;7.30;Ralph Knight;Consumer;Office Supplies;;;;;;;;
6,982;11/16/11;32;1,311.25;Express Air;407.44;39.48;Dorothy Wardle;Corporate;Technology;;;;;;;;
6,982;11/16/11;5;544.41;Delivery Truck;-338.27;100.98;Dorothy Wardle;Corporate;Furniture;;;;;;;;
6,982;11/16/11;41;844.09;Regular Air;52.56;19.98;Dorothy Wardle;Corporate;Furniture;;;;;;;;
7,015;10/12/10;47;1,880.80;Regular Air;775.88;40.98;Matt Abelman;Home Office;Technology;;;;;;;;
7,015;10/12/10;42;7,143.93;Express Air;2,374.73;195.99;Matt Abelman;Home Office;Technology;;;;;;;;
7,042;1/8/12;4;1,187.86;Delivery Truck;-347.16;376.13;Dean Katz;Home Office;Furniture;;;;;;;;
7,043;1/25/09;4;11.08;Regular Air;-8.93;1.74;Giulietta Dortch;Corporate;Furniture;;;;;;;;
7,072;2/4/12;29;258.61;Regular Air;-15.96;8.85;Maureen Fritzler;Corporate;Office Supplies;;;;;;;;
7,075;10/10/11;15;241.89;Regular Air;-83.30;15.42;Shirley Jackson;Corporate;Office Supplies;;;;;;;;
7,075;10/10/11;43;83.34;Regular Air;-93.18;1.86;Shirley Jackson;Corporate;Office Supplies;;;;;;;;
7,077;12/21/11;14;304.52;Regular Air;25.34;21.78;Georgia Rosenberg;Consumer;Office Supplies;;;;;;;;
7,078;4/11/10;9;112.12;Regular Air;-8.45;11.33;Ricardo Block;Corporate;Office Supplies;;;;;;;;
7,078;4/11/10;11;49.58;Express Air;-47.02;3.36;Ricardo Block;Corporate;Office Supplies;;;;;;;;
7,078;4/11/10;16;1,939.65;Delivery Truck;-885.73;122.99;Ricardo Block;Corporate;Furniture;;;;;;;;
7,078;4/11/10;29;465.52;Express Air;65.35;14.98;Ricardo Block;Corporate;Furniture;;;;;;;;
7,079;2/8/10;44;12,296.49;Delivery Truck;-416.70;280.98;Brenda Bowman;Small Business;Furniture;;;;;;;;
7,079;2/8/10;18;128.13;Regular Air;-34.91;6.48;Brenda Bowman;Small Business;Office Supplies;;;;;;;;
7,105;6/21/10;17;77.19;Regular Air;-81.35;4.06;Brian Moss;Corporate;Office Supplies;;;;;;;;
7,106;5/10/12;8;118.98;Regular Air;-12.77;14.27;Shaun Weien;Home Office;Office Supplies;;;;;;;;
7,106;5/10/12;31;4,910.09;Regular Air;1,669.38;159.99;Shaun Weien;Home Office;Technology;;;;;;;;
7,106;5/10/12;36;1,058.45;Regular Air;-386.02;27.75;Shaun Weien;Home Office;Office Supplies;;;;;;;;
7,107;1/4/12;3;172.04;Regular Air;143.08;54.20;Steve Chapman;Corporate;Furniture;;;;;;;;
7,107;1/4/12;3;113.14;Regular Air;-21.23;37.94;Steve Chapman;Corporate;Office Supplies;;;;;;;;
7,107;1/4/12;32;1,724.82;Regular Air;407.80;55.29;Steve Chapman;Corporate;Office Supplies;;;;;;;;
7,110;8/7/11;22;6,396.20;Regular Air;1,902.24;276.20;Grant Carroll;Corporate;Furniture;;;;;;;;
7,136;3/22/09;17;642.90;Regular Air;88.72;39.48;Lena Cacioppo;Home Office;Technology;;;;;;;;
7,136;3/22/09;9;47.28;Regular Air;17.05;4.91;Lena Cacioppo;Home Office;Office Supplies;;;;;;;;
7,142;7/21/11;36;132.86;Regular Air;57.00;3.69;Cari Sayre;Corporate;Office Supplies;;;;;;;;
7,169;3/26/10;22;446.72;Regular Air;-39.00;20.28;Lela Donovan;Corporate;Furniture;;;;;;;;
7,169;3/26/10;30;1,580.60;Regular Air;303.53;65.99;Lela Donovan;Corporate;Technology;;;;;;;;
7,171;2/13/11;28;1,703.85;Regular Air;316.06;65.99;Andy Gerbode;Consumer;Technology;;;;;;;;
7,171;2/13/11;17;303.19;Regular Air;92.59;20.99;Andy Gerbode;Consumer;Technology;;;;;;;;
7,174;3/10/12;10;141.92;Regular Air;12.20;13.73;Thomas Thornton;Consumer;Furniture;;;;;;;;
7,175;2/7/10;10;748.25;Delivery Truck;-86.99;70.98;Helen Andreada;Corporate;Furniture;;;;;;;;
7,203;1/8/09;25;21,752.01;Regular Air;9,296.35;896.99;Ruben Dartt;Corporate;Office Supplies;;;;;;;;
7,239;6/29/11;50;6,206.16;Regular Air;1,416.27;120.33;Craig Carroll;Small Business;Office Supplies;;;;;;;;
;;;;;;;;;;;;;;;;;
;;;;;;;;;;;;;;;;;
;;;;;;;;;;;;;;;;;
;;;;;;;;;;;;;;;;;
;;;;;;;;;;;;;;;;;
;;;;;;;;;;;;;;;;;
;;;;;;;;;;;;;;;;;
;;;;;;;;;;;;;;;;;
;;;;;;;;;;;;;;;;;
;;;;;;;;;;;;;;;;;
;;;;;;;;;;;;;;;;;
;;;;;;;;;;;;;;;;;
;;;;;;;;;;;;;;;;;
;;;;;;;;;;;;;;;;;
;;;;;;;;;;;;;;;;;
;;;;;;;;;;;;;;;;;
;;;;;;;;;;;;;;;;;
;;;;;;;;;;;;;;;;;
;;;;;;;;;;;;;;;;;
;;;;;;;;;;;;;;;;;
;;;;;;;;;;;;;;;;;
;;;;;;;;;;;;;;;;;
;;;;;;;;;;;;;;;;;
;;;;;;;;;;;;;;;;;
;;;;;;;;;;;;;;;;;
;;;;;;;;;;;;;;;;;
;;;;;;;;;;;;;;;;;
;;;;;;;;;;;;;;;;;
;;;;;;;;;;;;;;;;;
;;;;;;;;;;;;;;;;;
;;;;;;;;;;;;;;;;;
;;;;;;;;;;;;;;;;;
;;;;;;;;;;;;;;;;;
;;;;;;;;;;;;;;;;;
;;;;;;;;;;;;;;;;;
;;;;;;;;;;;;;;;;;
;;;;;;;;;;;;;;;;;
;;;;;;;;;;;;;;;;;
;;;;;;;;;;;;;;;;;
;;;;;;;;;;;;;;;;;
;;;;;;;;;;;;;;;;;
;;;;;;;;;;;;;;;;;
;;;;;;;;;;;;;;;;;
;;;;;;;;;;;;;;;;;
;;;;;;;;;;;;;;;;;
;;;;;;;;;;;;;;;;;
;;;;;;;;;;;;;;;;;
;;;;;;;;;;;;;;;;;
;;;;;;;;;;;;;;;;;
;;;;;;;;;;;;;;;;;
;;;;;;;;;;;;;;;;;
;;;;;;;;;;;;;;;;;
;;;;;;;;;;;;;;;;;
;;;;;;;;;;;;;;;;;
;;;;;;;;;;;;;;;;;
;;;;;;;;;;;;;;;;;
;;;;;;;;;;;;;;;;;
;;;;;;;;;;;;;;;;;
;;;;;;;;;;;;;;;;;
;;;;;;;;;;;;;;;;;
;;;;;;;;;;;;;;;;;
;;;;;;;;;;;;;;;;;
;;;;;;;;;;;;;;;;;
;;;;;;;;;;;;;;;;;
;;;;;;;;;;;;;;;;;
;;;;;;;;;;;;;;;;;
;;;;;;;;;;;;;;;;;
;;;;;;;;;;;;;;;;;
;;;;;;;;;;;;;;;;;
;;;;;;;;;;;;;;;;;
;;;;;;;;;;;;;;;;;
;;;;;;;;;;;;;;;;;
;;;;;;;;;;;;;;;;;
;;;;;;;;;;;;;;;;;
;;;;;;;;;;;;;;;;;
;;;;;;;;;;;;;;;;;
;;;;;;;;;;;;;;;;;
;;;;;;;;;;;;;;;;;
;;;;;;;;;;;;;;;;;
;;;;;;;;;;;;;;;;;
;;;;;;;;;;;;;;;;;
;;;;;;;;;;;;;;;;;
;;;;;;;;;;;;;;;;;
;;;;;;;;;;;;;;;;;
;;;;;;;;;;;;;;;;;
;;;;;;;;;;;;;;;;;
;;;;;;;;;;;;;;;;;
;;;;;;;;;;;;;;;;;
;;;;;;;;;;;;;;;;;
;;;;;;;;;;;;;;;;;
;;;;;;;;;;;;;;;;;
;;;;;;;;;;;;;;;;;
;;;;;;;;;;;;;;;;;
;;;;;;;;;;;;;;;;;
;;;;;;;;;;;;;;;;;
;;;;;;;;;;;;;;;;;
;;;;;;;;;;;;;;;;;
;;;;;;;;;;;;;;;;;
;;;;;;;;;;;;;;;;;
;;;;;;;;;;;;;;;;;
;;;;;;;;;;;;;;;;;
;;;;;;;;;;;;;;;;;
;;;;;;;;;;;;;;;;;
;;;;;;;;;;;;;;;;;
;;;;;;;;;;;;;;;;;
;;;;;;;;;;;;;;;;;
;;;;;;;;;;;;;;;;;
;;;;;;;;;;;;;;;;;
;;;;;;;;;;;;;;;;;
;;;;;;;;;;;;;;;;;
;;;;;;;;;;;;;;;;;
;;;;;;;;;;;;;;;;;
;;;;;;;;;;;;;;;;;
;;;;;;;;;;;;;;;;;
;;;;;;;;;;;;;;;;;
;;;;;;;;;;;;;;;;;
;;;;;;;;;;;;;;;;;
;;;;;;;;;;;;;;;;;
;;;;;;;;;;;;;;;;;
;;;;;;;;;;;;;;;;;
;;;;;;;;;;;;;;;;;
;;;;;;;;;;;;;;;;;
;;;;;;;;;;;;;;;;;
;;;;;;;;;;;;;;;;;
;;;;;;;;;;;;;;;;;
;;;;;;;;;;;;;;;;;
;;;;;;;;;;;;;;;;;
;;;;;;;;;;;;;;;;;
;;;;;;;;;;;;;;;;;
;;;;;;;;;;;;;;;;;
;;;;;;;;;;;;;;;;;
;;;;;;;;;;;;;;;;;
;;;;;;;;;;;;;;;;;
;;;;;;;;;;;;;;;;;
;;;;;;;;;;;;;;;;;
;;;;;;;;;;;;;;;;;
;;;;;;;;;;;;;;;;;
;;;;;;;;;;;;;;;;;
;;;;;;;;;;;;;;;;;
;;;;;;;;;;;;;;;;;
;;;;;;;;;;;;;;;;;
;;;;;;;;;;;;;;;;;
;;;;;;;;;;;;;;;;;
;;;;;;;;;;;;;;;;;
;;;;;;;;;;;;;;;;;
;;;;;;;;;;;;;;;;;
;;;;;;;;;;;;;;;;;
;;;;;;;;;;;;;;;;;
;;;;;;;;;;;;;;;;;
;;;;;;;;;;;;;;;;;
;;;;;;;;;;;;;;;;;
;;;;;;;;;;;;;;;;;
;;;;;;;;;;;;;;;;;
;;;;;;;;;;;;;;;;;
;;;;;;;;;;;;;;;;;
;;;;;;;;;;;;;;;;;
;;;;;;;;;;;;;;;;;
;;;;;;;;;;;;;;;;;
;;;;;;;;;;;;;;;;;
;;;;;;;;;;;;;;;;;
;;;;;;;;;;;;;;;;;
;;;;;;;;;;;;;;;;;
;;;;;;;;;;;;;;;;;
;;;;;;;;;;;;;;;;;
;;;;;;;;;;;;;;;;;
;;;;;;;;;;;;;;;;;
;;;;;;;;;;;;;;;;;
;;;;;;;;;;;;;;;;;
;;;;;;;;;;;;;;;;;
;;;;;;;;;;;;;;;;;
;;;;;;;;;;;;;;;;;
;;;;;;;;;;;;;;;;;
;;;;;;;;;;;;;;;;;
;;;;;;;;;;;;;;;;;
;;;;;;;;;;;;;;;;;
;;;;;;;;;;;;;;;;;
;;;;;;;;;;;;;;;;;
;;;;;;;;;;;;;;;;;
;;;;;;;;;;;;;;;;;
;;;;;;;;;;;;;;;;;
;;;;;;;;;;;;;;;;;
;;;;;;;;;;;;;;;;;
;;;;;;;;;;;;;;;;;
;;;;;;;;;;;;;;;;;
;;;;;;;;;;;;;;;;;
;;;;;;;;;;;;;;;;;
;;;;;;;;;;;;;;;;;
;;;;;;;;;;;;;;;;;
;;;;;;;;;;;;;;;;;
;;;;;;;;;;;;;;;;;
;;;;;;;;;;;;;;;;;
;;;;;;;;;;;;;;;;;
;;;;;;;;;;;;;;;;;
;;;;;;;;;;;;;;;;;
;;;;;;;;;;;;;;;;;
;;;;;;;;;;;;;;;;;
;;;;;;;;;;;;;;;;;
;;;;;;;;;;;;;;;;;
;;;;;;;;;;;;;;;;;
;;;;;;;;;;;;;;;;;
;;;;;;;;;;;;;;;;;
;;;;;;;;;;;;;;;;;
;;;;;;;;;;;;;;;;;
;;;;;;;;;;;;;;;;;
;;;;;;;;;;;;;;;;;
;;;;;;;;;;;;;;;;;
;;;;;;;;;;;;;;;;;
;;;;;;;;;;;;;;;;;
;;;;;;;;;;;;;;;;;
;;;;;;;;;;;;;;;;;
;;;;;;;;;;;;;;;;;
;;;;;;;;;;;;;;;;;
;;;;;;;;;;;;;;;;;
;;;;;;;;;;;;;;;;;
;;;;;;;;;;;;;;;;;
;;;;;;;;;;;;;;;;;
;;;;;;;;;;;;;;;;;
;;;;;;;;;;;;;;;;;
;;;;;;;;;;;;;;;;;
;;;;;;;;;;;;;;;;;
;;;;;;;;;;;;;;;;;
;;;;;;;;;;;;;;;;;
;;;;;;;;;;;;;;;;;
;;;;;;;;;;;;;;;;;
;;;;;;;;;;;;;;;;;
;;;;;;;;;;;;;;;;;
;;;;;;;;;;;;;;;;;
;;;;;;;;;;;;;;;;;
;;;;;;;;;;;;;;;;;
;;;;;;;;;;;;;;;;;
;;;;;;;;;;;;;;;;;
;;;;;;;;;;;;;;;;;
;;;;;;;;;;;;;;;;;
;;;;;;;;;;;;;;;;;
;;;;;;;;;;;;;;;;;
;;;;;;;;;;;;;;;;;
;;;;;;;;;;;;;;;;;
;;;;;;;;;;;;;;;;;
;;;;;;;;;;;;;;;;;
;;;;;;;;;;;;;;;;;
;;;;;;;;;;;;;;;;;
;;;;;;;;;;;;;;;;;
;;;;;;;;;;;;;;;;;
;;;;;;;;;;;;;;;;;
;;;;;;;;;;;;;;;;;
;;;;;;;;;;;;;;;;;
;;;;;;;;;;;;;;;;;
;;;;;;;;;;;;;;;;;
;;;;;;;;;;;;;;;;;
;;;;;;;;;;;;;;;;;
;;;;;;;;;;;;;;;;;
;;;;;;;;;;;;;;;;;
;;;;;;;;;;;;;;;;;
;;;;;;;;;;;;;;;;;
;;;;;;;;;;;;;;;;;
;;;;;;;;;;;;;;;;;
;;;;;;;;;;;;;;;;;
;;;;;;;;;;;;;;;;;
;;;;;;;;;;;;;;;;;
;;;;;;;;;;;;;;;;;
;;;;;;;;;;;;;;;;;
;;;;;;;;;;;;;;;;;
;;;;;;;;;;;;;;;;;
;;;;;;;;;;;;;;;;;
;;;;;;;;;;;;;;;;;
;;;;;;;;;;;;;;;;;
;;;;;;;;;;;;;;;;;
;;;;;;;;;;;;;;;;;
;;;;;;;;;;;;;;;;;
;;;;;;;;;;;;;;;;;
;;;;;;;;;;;;;;;;;
;;;;;;;;;;;;;;;;;
;;;;;;;;;;;;;;;;;
;;;;;;;;;;;;;;;;;
;;;;;;;;;;;;;;;;;
;;;;;;;;;;;;;;;;;
;;;;;;;;;;;;;;;;;
;;;;;;;;;;;;;;;;;
;;;;;;;;;;;;;;;;;
;;;;;;;;;;;;;;;;;
;;;;;;;;;;;;;;;;;
;;;;;;;;;;;;;;;;;
;;;;;;;;;;;;;;;;;
;;;;;;;;;;;;;;;;;
;;;;;;;;;;;;;;;;;
;;;;;;;;;;;;;;;;;
;;;;;;;;;;;;;;;;;
;;;;;;;;;;;;;;;;;
;;;;;;;;;;;;;;;;;
;;;;;;;;;;;;;;;;;
;;;;;;;;;;;;;;;;;
;;;;;;;;;;;;;;;;;
;;;;;;;;;;;;;;;;;
;;;;;;;;;;;;;;;;;
;;;;;;;;;;;;;;;;;
;;;;;;;;;;;;;;;;;
;;;;;;;;;;;;;;;;;
;;;;;;;;;;;;;;;;;
;;;;;;;;;;;;;;;;;
;;;;;;;;;;;;;;;;;
;;;;;;;;;;;;;;;;;
;;;;;;;;;;;;;;;;;
;;;;;;;;;;;;;;;;;
;;;;;;;;;;;;;;;;;
;;;;;;;;;;;;;;;;;
;;;;;;;;;;;;;;;;;
;;;;;;;;;;;;;;;;;
;;;;;;;;;;;;;;;;;
;;;;;;;;;;;;;;;;;
;;;;;;;;;;;;;;;;;
;;;;;;;;;;;;;;;;;
;;;;;;;;;;;;;;;;;
;;;;;;;;;;;;;;;;;
;;;;;;;;;;;;;;;;;
;;;;;;;;;;;;;;;;;
;;;;;;;;;;;;;;;;;
;;;;;;;;;;;;;;;;;
;;;;;;;;;;;;;;;;;
;;;;;;;;;;;;;;;;;
;;;;;;;;;;;;;;;;;
;;;;;;;;;;;;;;;;;
;;;;;;;;;;;;;;;;;
;;;;;;;;;;;;;;;;;
;;;;;;;;;;;;;;;;;
;;;;;;;;;;;;;;;;;
;;;;;;;;;;;;;;;;;
;;;;;;;;;;;;;;;;;
;;;;;;;;;;;;;;;;;
;;;;;;;;;;;;;;;;;
;;;;;;;;;;;;;;;;;
;;;;;;;;;;;;;;;;;
;;;;;;;;;;;;;;;;;
;;;;;;;;;;;;;;;;;
;;;;;;;;;;;;;;;;;
;;;;;;;;;;;;;;;;;
;;;;;;;;;;;;;;;;;
;;;;;;;;;;;;;;;;;
;;;;;;;;;;;;;;;;;
;;;;;;;;;;;;;;;;;
;;;;;;;;;;;;;;;;;
;;;;;;;;;;;;;;;;;
;;;;;;;;;;;;;;;;;
;;;;;;;;;;;;;;;;;
;;;;;;;;;;;;;;;;;
;;;;;;;;;;;;;;;;;
;;;;;;;;;;;;;;;;;
;;;;;;;;;;;;;;;;;
;;;;;;;;;;;;;;;;;
;;;;;;;;;;;;;;;;;
;;;;;;;;;;;;;;;;;
;;;;;;;;;;;;;;;;;
;;;;;;;;;;;;;;;;;
;;;;;;;;;;;;;;;;;
;;;;;;;;;;;;;;;;;
;;;;;;;;;;;;;;;;;
;;;;;;;;;;;;;;;;;
;;;;;;;;;;;;;;;;;
;;;;;;;;;;;;;;;;;
;;;;;;;;;;;;;;;;;
;;;;;;;;;;;;;;;;;
;;;;;;;;;;;;;;;;;
;;;;;;;;;;;;;;;;;
;;;;;;;;;;;;;;;;;
;;;;;;;;;;;;;;;;;
;;;;;;;;;;;;;;;;;
;;;;;;;;;;;;;;;;;
;;;;;;;;;;;;;;;;;
;;;;;;;;;;;;;;;;;
;;;;;;;;;;;;;;;;;
;;;;;;;;;;;;;;;;;
;;;;;;;;;;;;;;;;;
;;;;;;;;;;;;;;;;;
;;;;;;;;;;;;;;;;;
;;;;;;;;;;;;;;;;;
;;;;;;;;;;;;;;;;;
;;;;;;;;;;;;;;;;;
;;;;;;;;;;;;;;;;;
;;;;;;;;;;;;;;;;;
;;;;;;;;;;;;;;;;;
;;;;;;;;;;;;;;;;;
;;;;;;;;;;;;;;;;;
;;;;;;;;;;;;;;;;;
;;;;;;;;;;;;;;;;;
;;;;;;;;;;;;;;;;;
;;;;;;;;;;;;;;;;;
;;;;;;;;;;;;;;;;;
;;;;;;;;;;;;;;;;;
;;;;;;;;;;;;;;;;;
;;;;;;;;;;;;;;;;;
;;;;;;;;;;;;;;;;;
;;;;;;;;;;;;;;;;;
;;;;;;;;;;;;;;;;;
;;;;;;;;;;;;;;;;;
;;;;;;;;;;;;;;;;;
;;;;;;;;;;;;;;;;;
;;;;;;;;;;;;;;;;;
;;;;;;;;;;;;;;;;;
;;;;;;;;;;;;;;;;;
;;;;;;;;;;;;;;;;;
;;;;;;;;;;;;;;;;;
;;;;;;;;;;;;;;;;;
;;;;;;;;;;;;;;;;;
;;;;;;;;;;;;;;;;;
;;;;;;;;;;;;;;;;;
;;;;;;;;;;;;;;;;;
;;;;;;;;;;;;;;;;;
;;;;;;;;;;;;;;;;;
;;;;;;;;;;;;;;;;;
;;;;;;;;;;;;;;;;;
;;;;;;;;;;;;;;;;;
;;;;;;;;;;;;;;;;;
;;;;;;;;;;;;;;;;;
;;;;;;;;;;;;;;;;;
;;;;;;;;;;;;;;;;;
;;;;;;;;;;;;;;;;;
;;;;;;;;;;;;;;;;;
;;;;;;;;;;;;;;;;;
;;;;;;;;;;;;;;;;;
;;;;;;;;;;;;;;;;;
;;;;;;;;;;;;;;;;;
;;;;;;;;;;;;;;;;;
;;;;;;;;;;;;;;;;;
;;;;;;;;;;;;;;;;;
;;;;;;;;;;;;;;;;;
;;;;;;;;;;;;;;;;;
;;;;;;;;;;;;;;;;;
;;;;;;;;;;;;;;;;;
;;;;;;;;;;;;;;;;;
;;;;;;;;;;;;;;;;;
;;;;;;;;;;;;;;;;;
;;;;;;;;;;;;;;;;;
;;;;;;;;;;;;;;;;;
;;;;;;;;;;;;;;;;;
;;;;;;;;;;;;;;;;;
;;;;;;;;;;;;;;;;;
;;;;;;;;;;;;;;;;;
;;;;;;;;;;;;;;;;;
;;;;;;;;;;;;;;;;;
;;;;;;;;;;;;;;;;;
;;;;;;;;;;;;;;;;;
;;;;;;;;;;;;;;;;;
;;;;;;;;;;;;;;;;;
;;;;;;;;;;;;;;;;;
;;;;;;;;;;;;;;;;;
;;;;;;;;;;;;;;;;;
;;;;;;;;;;;;;;;;;
;;;;;;;;;;;;;;;;;
;;;;;;;;;;;;;;;;;
;;;;;;;;;;;;;;;;;
;;;;;;;;;;;;;;;;;
;;;;;;;;;;;;;;;;;
;;;;;;;;;;;;;;;;;
;;;;;;;;;;;;;;;;;
;;;;;;;;;;;;;;;;;
;;;;;;;;;;;;;;;;;
;;;;;;;;;;;;;;;;;
;;;;;;;;;;;;;;;;;
;;;;;;;;;;;;;;;;;
;;;;;;;;;;;;;;;;;
;;;;;;;;;;;;;;;;;
;;;;;;;;;;;;;;;;;
;;;;;;;;;;;;;;;;;
;;;;;;;;;;;;;;;;;
;;;;;;;;;;;;;;;;;
;;;;;;;;;;;;;;;;;
;;;;;;;;;;;;;;;;;
;;;;;;;;;;;;;;;;;
;;;;;;;;;;;;;;;;;
;;;;;;;;;;;;;;;;;
;;;;;;;;;;;;;;;;;
;;;;;;;;;;;;;;;;;
;;;;;;;;;;;;;;;;;
;;;;;;;;;;;;;;;;;
;;;;;;;;;;;;;;;;;
;;;;;;;;;;;;;;;;;
;;;;;;;;;;;;;;;;;
;;;;;;;;;;;;;;;;;
;;;;;;;;;;;;;;;;;
;;;;;;;;;;;;;;;;;
;;;;;;;;;;;;;;;;;
;;;;;;;;;;;;;;;;;
;;;;;;;;;;;;;;;;;
;;;;;;;;;;;;;;;;;
;;;;;;;;;;;;;;;;;
;;;;;;;;;;;;;;;;;
;;;;;;;;;;;;;;;;;
;;;;;;;;;;;;;;;;;
;;;;;;;;;;;;;;;;;
;;;;;;;;;;;;;;;;;
;;;;;;;;;;;;;;;;;
;;;;;;;;;;;;;;;;;
;;;;;;;;;;;;;;;;;
;;;;;;;;;;;;;;;;;
;;;;;;;;;;;;;;;;;
;;;;;;;;;;;;;;;;;
;;;;;;;;;;;;;;;;;
;;;;;;;;;;;;;;;;;
;;;;;;;;;;;;;;;;;
;;;;;;;;;;;;;;;;;
;;;;;;;;;;;;;;;;;
;;;;;;;;;;;;;;;;;
;;;;;;;;;;;;;;;;;
;;;;;;;;;;;;;;;;;
;;;;;;;;;;;;;;;;;
;;;;;;;;;;;;;;;;;
;;;;;;;;;;;;;;;;;
;;;;;;;;;;;;;;;;;
;;;;;;;;;;;;;;;;;
;;;;;;;;;;;;;;;;;
;;;;;;;;;;;;;;;;;
;;;;;;;;;;;;;;;;;
;;;;;;;;;;;;;;;;;
;;;;;;;;;;;;;;;;;
;;;;;;;;;;;;;;;;;
;;;;;;;;;;;;;;;;;
;;;;;;;;;;;;;;;;;
;;;;;;;;;;;;;;;;;
;;;;;;;;;;;;;;;;;
;;;;;;;;;;;;;;;;;
;;;;;;;;;;;;;;;;;
;;;;;;;;;;;;;;;;;
;;;;;;;;;;;;;;;;;
;;;;;;;;;;;;;;;;;
;;;;;;;;;;;;;;;;;
;;;;;;;;;;;;;;;;;
;;;;;;;;;;;;;;;;;
;;;;;;;;;;;;;;;;;
;;;;;;;;;;;;;;;;;
;;;;;;;;;;;;;;;;;
;;;;;;;;;;;;;;;;;
;;;;;;;;;;;;;;;;;
;;;;;;;;;;;;;;;;;
;;;;;;;;;;;;;;;;;
;;;;;;;;;;;;;;;;;
;;;;;;;;;;;;;;;;;
;;;;;;;;;;;;;;;;;
;;;;;;;;;;;;;;;;;
;;;;;;;;;;;;;;;;;
;;;;;;;;;;;;;;;;;
;;;;;;;;;;;;;;;;;
;;;;;;;;;;;;;;;;;
;;;;;;;;;;;;;;;;;
;;;;;;;;;;;;;;;;;
;;;;;;;;;;;;;;;;;
;;;;;;;;;;;;;;;;;
;;;;;;;;;;;;;;;;;
;;;;;;;;;;;;;;;;;
;;;;;;;;;;;;;;;;;
;;;;;;;;;;;;;;;;;
;;;;;;;;;;;;;;;;;
;;;;;;;;;;;;;;;;;
;;;;;;;;;;;;;;;;;
;;;;;;;;;;;;;;;;;
;;;;;;;;;;;;;;;;;
;;;;;;;;;;;;;;;;;
;;;;;;;;;;;;;;;;;
;;;;;;;;;;;;;;;;;
;;;;;;;;;;;;;;;;;
;;;;;;;;;;;;;;;;;
;;;;;;;;;;;;;;;;;
;;;;;;;;;;;;;;;;;
;;;;;;;;;;;;;;;;;
;;;;;;;;;;;;;;;;;
;;;;;;;;;;;;;;;;;
;;;;;;;;;;;;;;;;;
;;;;;;;;;;;;;;;;;
;;;;;;;;;;;;;;;;;
;;;;;;;;;;;;;;;;;
;;;;;;;;;;;;;;;;;
;;;;;;;;;;;;;;;;;
;;;;;;;;;;;;;;;;;
;;;;;;;;;;;;;;;;;
;;;;;;;;;;;;;;;;;
;;;;;;;;;;;;;;;;;
;;;;;;;;;;;;;;;;;
;;;;;;;;;;;;;;;;;
;;;;;;;;;;;;;;;;;
;;;;;;;;;;;;;;;;;
;;;;;;;;;;;;;;;;;
;;;;;;;;;;;;;;;;;
;;;;;;;;;;;;;;;;;
;;;;;;;;;;;;;;;;;
;;;;;;;;;;;;;;;;;
;;;;;;;;;;;;;;;;;
;;;;;;;;;;;;;;;;;
;;;;;;;;;;;;;;;;;
;;;;;;;;;;;;;;;;;
;;;;;;;;;;;;;;;;;
;;;;;;;;;;;;;;;;;
;;;;;;;;;;;;;;;;;
;;;;;;;;;;;;;;;;;
;;;;;;;;;;;;;;;;;
;;;;;;;;;;;;;;;;;
;;;;;;;;;;;;;;;;;
;;;;;;;;;;;;;;;;;
;;;;;;;;;;;;;;;;;
;;;;;;;;;;;;;;;;;
;;;;;;;;;;;;;;;;;
;;;;;;;;;;;;;;;;;
;;;;;;;;;;;;;;;;;
;;;;;;;;;;;;;;;;;
;;;;;;;;;;;;;;;;;
;;;;;;;;;;;;;;;;;
;;;;;;;;;;;;;;;;;
;;;;;;;;;;;;;;;;;
;;;;;;;;;;;;;;;;;
;;;;;;;;;;;;;;;;;
;;;;;;;;;;;;;;;;;
;;;;;;;;;;;;;;;;;
;;;;;;;;;;;;;;;;;
;;;;;;;;;;;;;;;;;
;;;;;;;;;;;;;;;;;
;;;;;;;;;;;;;;;;;
;;;;;;;;;;;;;;;;;
;;;;;;;;;;;;;;;;;
;;;;;;;;;;;;;;;;;
;;;;;;;;;;;;;;;;;
;;;;;;;;;;;;;;;;;
;;;;;;;;;;;;;;;;;
;;;;;;;;;;;;;;;;;
;;;;;;;;;;;;;;;;;
;;;;;;;;;;;;;;;;;
;;;;;;;;;;;;;;;;;
;;;;;;;;;;;;;;;;;
;;;;;;;;;;;;;;;;;
;;;;;;;;;;;;;;;;;
;;;;;;;;;;;;;;;;;
;;;;;;;;;;;;;;;;;
;;;;;;;;;;;;;;;;;
;;;;;;;;;;;;;;;;;
;;;;;;;;;;;;;;;;;
;;;;;;;;;;;;;;;;;
;;;;;;;;;;;;;;;;;
;;;;;;;;;;;;;;;;;
;;;;;;;;;;;;;;;;;
;;;;;;;;;;;;;;;;;
;;;;;;;;;;;;;;;;;
;;;;;;;;;;;;;;;;;
;;;;;;;;;;;;;;;;;
;;;;;;;;;;;;;;;;;
;;;;;;;;;;;;;;;;;
;;;;;;;;;;;;;;;;;
;;;;;;;;;;;;;;;;;
;;;;;;;;;;;;;;;;;
;;;;;;;;;;;;;;;;;
;;;;;;;;;;;;;;;;;
;;;;;;;;;;;;;;;;;
;;;;;;;;;;;;;;;;;
;;;;;;;;;;;;;;;;;
;;;;;;;;;;;;;;;;;
;;;;;;;;;;;;;;;;;
;;;;;;;;;;;;;;;;;
;;;;;;;;;;;;;;;;;
;;;;;;;;;;;;;;;;;
;;;;;;;;;;;;;;;;;
;;;;;;;;;;;;;;;;;
;;;;;;;;;;;;;;;;;
;;;;;;;;;;;;;;;;;
;;;;;;;;;;;;;;;;;
;;;;;;;;;;;;;;;;;
;;;;;;;;;;;;;;;;;
;;;;;;;;;;;;;;;;;
;;;;;;;;;;;;;;;;;
;;;;;;;;;;;;;;;;;
;;;;;;;;;;;;;;;;;
;;;;;;;;;;;;;;;;;
;;;;;;;;;;;;;;;;;
;;;;;;;;;;;;;;;;;
;;;;;;;;;;;;;;;;;
;;;;;;;;;;;;;;;;;
;;;;;;;;;;;;;;;;;
;;;;;;;;;;;;;;;;;
;;;;;;;;;;;;;;;;;
;;;;;;;;;;;;;;;;;
;;;;;;;;;;;;;;;;;
;;;;;;;;;;;;;;;;;
;;;;;;;;;;;;;;;;;
;;;;;;;;;;;;;;;;;
;;;;;;;;;;;;;;;;;
;;;;;;;;;;;;;;;;;
;;;;;;;;;;;;;;;;;
;;;;;;;;;;;;;;;;;
;;;;;;;;;;;;;;;;;
;;;;;;;;;;;;;;;;;
;;;;;;;;;;;;;;;;;
;;;;;;;;;;;;;;;;;
;;;;;;;;;;;;;;;;;
;;;;;;;;;;;;;;;;;
;;;;;;;;;;;;;;;;;
;;;;;;;;;;;;;;;;;
;;;;;;;;;;;;;;;;;
;;;;;;;;;;;;;;;;;
;;;;;;;;;;;;;;;;;
;;;;;;;;;;;;;;;;;
;;;;;;;;;;;;;;;;;
;;;;;;;;;;;;;;;;;
;;;;;;;;;;;;;;;;;
;;;;;;;;;;;;;;;;;
;;;;;;;;;;;;;;;;;
;;;;;;;;;;;;;;;;;
;;;;;;;;;;;;;;;;;
;;;;;;;;;;;;;;;;;
;;;;;;;;;;;;;;;;;
;;;;;;;;;;;;;;;;;
;;;;;;;;;;;;;;;;;
;;;;;;;;;;;;;;;;;
;;;;;;;;;;;;;;;;;
;;;;;;;;;;;;;;;;;
;;;;;;;;;;;;;;;;;
;;;;;;;;;;;;;;;;;
;;;;;;;;;;;;;;;;;
;;;;;;;;;;;;;;;;;
;;;;;;;;;;;;;;;;;
;;;;;;;;;;;;;;;;;
;;;;;;;;;;;;;;;;;
;;;;;;;;;;;;;;;;;
;;;;;;;;;;;;;;;;;
;;;;;;;;;;;;;;;;;
;;;;;;;;;;;;;;;;;
;;;;;;;;;;;;;;;;;
;;;;;;;;;;;;;;;;;
;;;;;;;;;;;;;;;;;
;;;;;;;;;;;;;;;;;
;;;;;;;;;;;;;;;;;
;;;;;;;;;;;;;;;;;
;;;;;;;;;;;;;;;;;
;;;;;;;;;;;;;;;;;
;;;;;;;;;;;;;;;;;
;;;;;;;;;;;;;;;;;
;;;;;;;;;;;;;;;;;
;;;;;;;;;;;;;;;;;
;;;;;;;;;;;;;;;;;
;;;;;;;;;;;;;;;;;
;;;;;;;;;;;;;;;;;
;;;;;;;;;;;;;;;;;
;;;;;;;;;;;;;;;;;
;;;;;;;;;;;;;;;;;
;;;;;;;;;;;;;;;;;
;;;;;;;;;;;;;;;;;
;;;;;;;;;;;;;;;;;
;;;;;;;;;;;;;;;;;
;;;;;;;;;;;;;;;;;
;;;;;;;;;;;;;;;;;
;;;;;;;;;;;;;;;;;
;;;;;;;;;;;;;;;;;
;;;;;;;;;;;;;;;;;
;;;;;;;;;;;;;;;;;
;;;;;;;;;;;;;;;;;
;;;;;;;;;;;;;;;;;
;;;;;;;;;;;;;;;;;
;;;;;;;;;;;;;;;;;
;;;;;;;;;;;;;;;;;
;;;;;;;;;;;;;;;;;
;;;;;;;;;;;;;;;;;
;;;;;;;;;;;;;;;;;
;;;;;;;;;;;;;;;;;
;;;;;;;;;;;;;;;;;
;;;;;;;;;;;;;;;;;
;;;;;;;;;;;;;;;;;
;;;;;;;;;;;;;;;;;
;;;;;;;;;;;;;;;;;
;;;;;;;;;;;;;;;;;
;;;;;;;;;;;;;;;;;
;;;;;;;;;;;;;;;;;
;;;;;;;;;;;;;;;;;
;;;;;;;;;;;;;;;;;
;;;;;;;;;;;;;;;;;
;;;;;;;;;;;;;;;;;
;;;;;;;;;;;;;;;;;
;;;;;;;;;;;;;;;;;
;;;;;;;;;;;;;;;;;
;;;;;;;;;;;;;;;;;
;;;;;;;;;;;;;;;;;
;;;;;;;;;;;;;;;;;
;;;;;;;;;;;;;;;;;
;;;;;;;;;;;;;;;;;
;;;;;;;;;;;;;;;;;
;;;;;;;;;;;;;;;;;
;;;;;;;;;;;;;;;;;
;;;;;;;;;;;;;;;;;
;;;;;;;;;;;;;;;;;
;;;;;;;;;;;;;;;;;
;;;;;;;;;;;;;;;;;
;;;;;;;;;;;;;;;;;
;;;;;;;;;;;;;;;;;
;;;;;;;;;;;;;;;;;
;;;;;;;;;;;;;;;;;
;;;;;;;;;;;;;;;;;
;;;;;;;;;;;;;;;;;
;;;;;;;;;;;;;;;;;
;;;;;;;;;;;;;;;;;
;;;;;;;;;;;;;;;;;
;;;;;;;;;;;;;;;;;
;;;;;;;;;;;;;;;;;
;;;;;;;;;;;;;;;;;
;;;;;;;;;;;;;;;;;
;;;;;;;;;;;;;;;;;
;;;;;;;;;;;;;;;;;
;;;;;;;;;;;;;;;;;
;;;;;;;;;;;;;;;;;
;;;;;;;;;;;;;;;;;
;;;;;;;;;;;;;;;;;
;;;;;;;;;;;;;;;;;
;;;;;;;;;;;;;;;;;
;;;;;;;;;;;;;;;;;
;;;;;;;;;;;;;;;;;
;;;;;;;;;;;;;;;;;
;;;;;;;;;;;;;;;;;
;;;;;;;;;;;;;;;;;
;;;;;;;;;;;;;;;;;
;;;;;;;;;;;;;;;;;
;;;;;;;;;;;;;;;;;
;;;;;;;;;;;;;;;;;
;;;;;;;;;;;;;;;;;
;;;;;;;;;;;;;;;;;
;;;;;;;;;;;;;;;;;
;;;;;;;;;;;;;;;;;
;;;;;;;;;;;;;;;;;
;;;;;;;;;;;;;;;;;
;;;;;;;;;;;;;;;;;
;;;;;;;;;;;;;;;;;
;;;;;;;;;;;;;;;;;
;;;;;;;;;;;;;;;;;
;;;;;;;;;;;;;;;;;
;;;;;;;;;;;;;;;;;
;;;;;;;;;;;;;;;;;
;;;;;;;;;;;;;;;;;
;;;;;;;;;;;;;;;;;
;;;;;;;;;;;;;;;;;
;;;;;;;;;;;;;;;;;
;;;;;;;;;;;;;;;;;
;;;;;;;;;;;;;;;;;
;;;;;;;;;;;;;;;;;
;;;;;;;;;;;;;;;;;
;;;;;;;;;;;;;;;;;
;;;;;;;;;;;;;;;;;
;;;;;;;;;;;;;;;;;
;;;;;;;;;;;;;;;;;
;;;;;;;;;;;;;;;;;
;;;;;;;;;;;;;;;;;
;;;;;;;;;;;;;;;;;
;;;;;;;;;;;;;;;;;
;;;;;;;;;;;;;;;;;
;;;;;;;;;;;;;;;;;
;;;;;;;;;;;;;;;;;
;;;;;;;;;;;;;;;;;
;;;;;;;;;;;;;;;;;
;;;;;;;;;;;;;;;;;
;;;;;;;;;;;;;;;;;
;;;;;;;;;;;;;;;;;
;;;;;;;;;;;;;;;;;
;;;;;;;;;;;;;;;;;
;;;;;;;;;;;;;;;;;
;;;;;;;;;;;;;;;;;
;;;;;;;;;;;;;;;;;
;;;;;;;;;;;;;;;;;
;;;;;;;;;;;;;;;;;
;;;;;;;;;;;;;;;;;
;;;;;;;;;;;;;;;;;
;;;;;;;;;;;;;;;;;
;;;;;;;;;;;;;;;;;
;;;;;;;;;;;;;;;;;
;;;;;;;;;;;;;;;;;
;;;;;;;;;;;;;;;;;
;;;;;;;;;;;;;;;;;
;;;;;;;;;;;;;;;;;
;;;;;;;;;;;;;;;;;
;;;;;;;;;;;;;;;;;
;;;;;;;;;;;;;;;;;
;;;;;;;;;;;;;;;;;
;;;;;;;;;;;;;;;;;
;;;;;;;;;;;;;;;;;
;;;;;;;;;;;;;;;;;
;;;;;;;;;;;;;;;;;
;;;;;;;;;;;;;;;;;
;;;;;;;;;;;;;;;;;
;;;;;;;;;;;;;;;;;
;;;;;;;;;;;;;;;;;
;;;;;;;;;;;;;;;;;
;;;;;;;;;;;;;;;;;
;;;;;;;;;;;;;;;;;
;;;;;;;;;;;;;;;;;
;;;;;;;;;;;;;;;;;
;;;;;;;;;;;;;;;;;
;;;;;;;;;;;;;;;;;
;;;;;;;;;;;;;;;;;
;;;;;;;;;;;;;;;;;
;;;;;;;;;;;;;;;;;
;;;;;;;;;;;;;;;;;
;;;;;;;;;;;;;;;;;
;;;;;;;;;;;;;;;;;
;;;;;;;;;;;;;;;;;
;;;;;;;;;;;;;;;;;
;;;;;;;;;;;;;;;;;
;;;;;;;;;;;;;;;;;
;;;;;;;;;;;;;;;;;
;;;;;;;;;;;;;;;;;
;;;;;;;;;;;;;;;;;
;;;;;;;;;;;;;;;;;
;;;;;;;;;;;;;;;;;
;;;;;;;;;;;;;;;;;
;;;;;;;;;;;;;;;;;
;;;;;;;;;;;;;;;;;
;;;;;;;;;;;;;;;;;
;;;;;;;;;;;;;;;;;
;;;;;;;;;;;;;;;;;
;;;;;;;;;;;;;;;;;
;;;;;;;;;;;;;;;;;
;;;;;;;;;;;;;;;;;
;;;;;;;;;;;;;;;;;
;;;;;;;;;;;;;;;;;
;;;;;;;;;;;;;;;;;
;;;;;;;;;;;;;;;;;
;;;;;;;;;;;;;;;;;
;;;;;;;;;;;;;;;;;
;;;;;;;;;;;;;;;;;
;;;;;;;;;;;;;;;;;
;;;;;;;;;;;;;;;;;
;;;;;;;;;;;;;;;;;
;;;;;;;;;;;;;;;;;
;;;;;;;;;;;;;;;;;
;;;;;;;;;;;;;;;;;
;;;;;;;;;;;;;;;;;
;;;;;;;;;;;;;;;;;
;;;;;;;;;;;;;;;;;
;;;;;;;;;;;;;;;;;
;;;;;;;;;;;;;;;;;
;;;;;;;;;;;;;;;;;
;;;;;;;;;;;;;;;;;
;;;;;;;;;;;;;;;;;
;;;;;;;;;;;;;;;;;
;;;;;;;;;;;;;;;;;
;;;;;;;;;;;;;;;;;
;;;;;;;;;;;;;;;;;
;;;;;;;;;;;;;;;;;
;;;;;;;;;;;;;;;;;
;;;;;;;;;;;;;;;;;
;;;;;;;;;;;;;;;;;
;;;;;;;;;;;;;;;;;
;;;;;;;;;;;;;;;;;
;;;;;;;;;;;;;;;;;
;;;;;;;;;;;;;;;;;
;;;;;;;;;;;;;;;;;
;;;;;;;;;;;;;;;;;
;;;;;;;;;;;;;;;;;
;;;;;;;;;;;;;;;;;
;;;;;;;;;;;;;;;;;
;;;;;;;;;;;;;;;;;
;;;;;;;;;;;;;;;;;
;;;;;;;;;;;;;;;;;
;;;;;;;;;;;;;;;;;
;;;;;;;;;;;;;;;;;
;;;;;;;;;;;;;;;;;
;;;;;;;;;;;;;;;;;
;;;;;;;;;;;;;;;;;
;;;;;;;;;;;;;;;;;
;;;;;;;;;;;;;;;;;
;;;;;;;;;;;;;;;;;
;;;;;;;;;;;;;;;;;
;;;;;;;;;;;;;;;;;
;;;;;;;;;;;;;;;;;
;;;;;;;;;;;;;;;;;
;;;;;;;;;;;;;;;;;
;;;;;;;;;;;;;;;;;
;;;;;;;;;;;;;;;;;
;;;;;;;;;;;;;;;;;
;;;;;;;;;;;;;;;;;
;;;;;;;;;;;;;;;;;
;;;;;;;;;;;;;;;;;
;;;;;;;;;;;;;;;;;
;;;;;;;;;;;;;;;;;
;;;;;;;;;;;;;;;;;
;;;;;;;;;;;;;;;;;
;;;;;;;;;;;;;;;;;
;;;;;;;;;;;;;;;;;
;;;;;;;;;;;;;;;;;
;;;;;;;;;;;;;;;;;
;;;;;;;;;;;;;;;;;
;;;;;;;;;;;;;;;;;
;;;;;;;;;;;;;;;;;
;;;;;;;;;;;;;;;;;
;;;;;;;;;;;;;;;;;
;;;;;;;;;;;;;;;;;
;;;;;;;;;;;;;;;;;
;;;;;;;;;;;;;;;;;
;;;;;;;;;;;;;;;;;
;;;;;;;;;;;;;;;;;
;;;;;;;;;;;;;;;;;
;;;;;;;;;;;;;;;;;
;;;;;;;;;;;;;;;;;
;;;;;;;;;;;;;;;;;
;;;;;;;;;;;;;;;;;
;;;;;;;;;;;;;;;;;
;;;;;;;;;;;;;;;;;
;;;;;;;;;;;;;;;;;
;;;;;;;;;;;;;;;;;
;;;;;;;;;;;;;;;;;
;;;;;;;;;;;;;;;;;
;;;;;;;;;;;;;;;;;
;;;;;;;;;;;;;;;;;
;;;;;;;;;;;;;;;;;
;;;;;;;;;;;;;;;;;
;;;;;;;;;;;;;;;;;
;;;;;;;;;;;;;;;;;
;;;;;;;;;;;;;;;;;
;;;;;;;;;;;;;;;;;
;;;;;;;;;;;;;;;;;
;;;;;;;;;;;;;;;;;
;;;;;;;;;;;;;;;;;
;;;;;;;;;;;;;;;;;
;;;;;;;;;;;;;;;;;
;;;;;;;;;;;;;;;;;
;;;;;;;;;;;;;;;;;
;;;;;;;;;;;;;;;;;
;;;;;;;;;;;;;;;;;
;;;;;;;;;;;;;;;;;
;;;;;;;;;;;;;;;;;
;;;;;;;;;;;;;;;;;
;;;;;;;;;;;;;;;;;
;;;;;;;;;;;;;;;;;
;;;;;;;;;;;;;;;;;
;;;;;;;;;;;;;;;;;
;;;;;;;;;;;;;;;;;
;;;;;;;;;;;;;;;;;
;;;;;;;;;;;;;;;;;
;;;;;;;;;;;;;;;;;
;;;;;;;;;;;;;;;;;
;;;;;;;;;;;;;;;;;
;;;;;;;;;;;;;;;;;
;;;;;;;;;;;;;;;;;
;;;;;;;;;;;;;;;;;
;;;;;;;;;;;;;;;;;
;;;;;;;;;;;;;;;;;
;;;;;;;;;;;;;;;;;
;;;;;;;;;;;;;;;;;
;;;;;;;;;;;;;;;;;
;;;;;;;;;;;;;;;;;
;;;;;;;;;;;;;;;;;
;;;;;;;;;;;;;;;;;
;;;;;;;;;;;;;;;;;
;;;;;;;;;;;;;;;;;
;;;;;;;;;;;;;;;;;
;;;;;;;;;;;;;;;;;
;;;;;;;;;;;;;;;;;
;;;;;;;;;;;;;;;;;
;;;;;;;;;;;;;;;;;
;;;;;;;;;;;;;;;;;
;;;;;;;;;;;;;;;;;
;;;;;;;;;;;;;;;;;
;;;;;;;;;;;;;;;;;
;;;;;;;;;;;;;;;;;
;;;;;;;;;;;;;;;;;
;;;;;;;;;;;;;;;;;
;;;;;;;;;;;;;;;;;
;;;;;;;;;;;;;;;;;
;;;;;;;;;;;;;;;;;
;;;;;;;;;;;;;;;;;
;;;;;;;;;;;;;;;;;
;;;;;;;;;;;;;;;;;
;;;;;;;;;;;;;;;;;
;;;;;;;;;;;;;;;;;
;;;;;;;;;;;;;;;;;
;;;;;;;;;;;;;;;;;
;;;;;;;;;;;;;;;;;
;;;;;;;;;;;;;;;;;
;;;;;;;;;;;;;;;;;
;;;;;;;;;;;;;;;;;
;;;;;;;;;;;;;;;;;
;;;;;;;;;;;;;;;;;
;;;;;;;;;;;;;;;;;
;;;;;;;;;;;;;;;;;
;;;;;;;;;;;;;;;;;
;;;;;;;;;;;;;;;;;
;;;;;;;;;;;;;;;;;
;;;;;;;;;;;;;;;;;
;;;;;;;;;;;;;;;;;
;;;;;;;;;;;;;;;;;
;;;;;;;;;;;;;;;;;
;;;;;;;;;;;;;;;;;
;;;;;;;;;;;;;;;;;
;;;;;;;;;;;;;;;;;
;;;;;;;;;;;;;;;;;
;;;;;;;;;;;;;;;;;
;;;;;;;;;;;;;;;;;
;;;;;;;;;;;;;;;;;
;;;;;;;;;;;;;;;;;
;;;;;;;;;;;;;;;;;
;;;;;;;;;;;;;;;;;
;;;;;;;;;;;;;;;;;
;;;;;;;;;;;;;;;;;
;;;;;;;;;;;;;;;;;
;;;;;;;;;;;;;;;;;
;;;;;;;;;;;;;;;;;
;;;;;;;;;;;;;;;;;
;;;;;;;;;;;;;;;;;
;;;;;;;;;;;;;;;;;
;;;;;;;;;;;;;;;;;
;;;;;;;;;;;;;;;;;
;;;;;;;;;;;;;;;;;
;;;;;;;;;;;;;;;;;
;;;;;;;;;;;;;;;;;
;;;;;;;;;;;;;;;;;
;;;;;;;;;;;;;;;;;
;;;;;;;;;;;;;;;;;
;;;;;;;;;;;;;;;;;
;;;;;;;;;;;;;;;;;
;;;;;;;;;;;;;;;;;
;;;;;;;;;;;;;;;;;
;;;;;;;;;;;;;;;;;
;;;;;;;;;;;;;;;;;
;;;;;;;;;;;;;;;;;
;;;;;;;;;;;;;;;;;
;;;;;;;;;;;;;;;;;
;;;;;;;;;;;;;;;;;
;;;;;;;;;;;;;;;;;
;;;;;;;;;;;;;;;;;
;;;;;;;;;;;;;;;;;
;;;;;;;;;;;;;;;;;
;;;;;;;;;;;;;;;;;
;;;;;;;;;;;;;;;;;
;;;;;;;;;;;;;;;;;
;;;;;;;;;;;;;;;;;
;;;;;;;;;;;;;;;;;
;;;;;;;;;;;;;;;;;
;;;;;;;;;;;;;;;;;
;;;;;;;;;;;;;;;;;
;;;;;;;;;;;;;;;;;
;;;;;;;;;;;;;;;;;
;;;;;;;;;;;;;;;;;
;;;;;;;;;;;;;;;;;
;;;;;;;;;;;;;;;;;
;;;;;;;;;;;;;;;;;
;;;;;;;;;;;;;;;;;
;;;;;;;;;;;;;;;;;
;;;;;;;;;;;;;;;;;
;;;;;;;;;;;;;;;;;
;;;;;;;;;;;;;;;;;
;;;;;;;;;;;;;;;;;
;;;;;;;;;;;;;;;;;
;;;;;;;;;;;;;;;;;
;;;;;;;;;;;;;;;;;
;;;;;;;;;;;;;;;;;
;;;;;;;;;;;;;;;;;
;;;;;;;;;;;;;;;;;
;;;;;;;;;;;;;;;;;
;;;;;;;;;;;;;;;;;
;;;;;;;;;;;;;;;;;
;;;;;;;;;;;;;;;;;
;;;;;;;;;;;;;;;;;
;;;;;;;;;;;;;;;;;
;;;;;;;;;;;;;;;;;
;;;;;;;;;;;;;;;;;
;;;;;;;;;;;;;;;;;
;;;;;;;;;;;;;;;;;
;;;;;;;;;;;;;;;;;
;;;;;;;;;;;;;;;;;
;;;;;;;;;;;;;;;;;
;;;;;;;;;;;;;;;;;
;;;;;;;;;;;;;;;;;
;;;;;;;;;;;;;;;;;
;;;;;;;;;;;;;;;;;
;;;;;;;;;;;;;;;;;
;;;;;;;;;;;;;;;;;
;;;;;;;;;;;;;;;;;
;;;;;;;;;;;;;;;;;
;;;;;;;;;;;;;;;;;
;;;;;;;;;;;;;;;;;
;;;;;;;;;;;;;;;;;
;;;;;;;;;;;;;;;;;
;;;;;;;;;;;;;;;;;
;;;;;;;;;;;;;;;;;
;;;;;;;;;;;;;;;;;
;;;;;;;;;;;;;;;;;
;;;;;;;;;;;;;;;;;
;;;;;;;;;;;;;;;;;
;;;;;;;;;;;;;;;;;
;;;;;;;;;;;;;;;;;
;;;;;;;;;;;;;;;;;
;;;;;;;;;;;;;;;;;
;;;;;;;;;;;;;;;;;
;;;;;;;;;;;;;;;;;
;;;;;;;;;;;;;;;;;
;;;;;;;;;;;;;;;;;
;;;;;;;;;;;;;;;;;
;;;;;;;;;;;;;;;;;
;;;;;;;;;;;;;;;;;
;;;;;;;;;;;;;;;;;
;;;;;;;;;;;;;;;;;
;;;;;;;;;;;;;;;;;
;;;;;;;;;;;;;;;;;
;;;;;;;;;;;;;;;;;
;;;;;;;;;;;;;;;;;
;;;;;;;;;;;;;;;;;
;;;;;;;;;;;;;;;;;
;;;;;;;;;;;;;;;;;
;;;;;;;;;;;;;;;;;
;;;;;;;;;;;;;;;;;
;;;;;;;;;;;;;;;;;
;;;;;;;;;;;;;;;;;
;;;;;;;;;;;;;;;;;
;;;;;;;;;;;;;;;;;
;;;;;;;;;;;;;;;;;
;;;;;;;;;;;;;;;;;
;;;;;;;;;;;;;;;;;
;;;;;;;;;;;;;;;;;
;;;;;;;;;;;;;;;;;
;;;;;;;;;;;;;;;;;
;;;;;;;;;;;;;;;;;
;;;;;;;;;;;;;;;;;
;;;;;;;;;;;;;;;;;
;;;;;;;;;;;;;;;;;
;;;;;;;;;;;;;;;;;
;;;;;;;;;;;;;;;;;
;;;;;;;;;;;;;;;;;
;;;;;;;;;;;;;;;;;
;;;;;;;;;;;;;;;;;
;;;;;;;;;;;;;;;;;
;;;;;;;;;;;;;;;;;
;;;;;;;;;;;;;;;;;
;;;;;;;;;;;;;;;;;
;;;;;;;;;;;;;;;;;
;;;;;;;;;;;;;;;;;
;;;;;;;;;;;;;;;;;
;;;;;;;;;;;;;;;;;
;;;;;;;;;;;;;;;;;
;;;;;;;;;;;;;;;;;
;;;;;;;;;;;;;;;;;
;;;;;;;;;;;;;;;;;
;;;;;;;;;;;;;;;;;
;;;;;;;;;;;;;;;;;
;;;;;;;;;;;;;;;;;
;;;;;;;;;;;;;;;;;
;;;;;;;;;;;;;;;;;
;;;;;;;;;;;;;;;;;
;;;;;;;;;;;;;;;;;
;;;;;;;;;;;;;;;;;
;;;;;;;;;;;;;;;;;
;;;;;;;;;;;;;;;;;
;;;;;;;;;;;;;;;;;
;;;;;;;;;;;;;;;;;
;;;;;;;;;;;;;;;;;
;;;;;;;;;;;;;;;;;
;;;;;;;;;;;;;;;;;
;;;;;;;;;;;;;;;;;
;;;;;;;;;;;;;;;;;
;;;;;;;;;;;;;;;;;
;;;;;;;;;;;;;;;;;
;;;;;;;;;;;;;;;;;
;;;;;;;;;;;;;;;;;
;;;;;;;;;;;;;;;;;
;;;;;;;;;;;;;;;;;
;;;;;;;;;;;;;;;;;
;;;;;;;;;;;;;;;;;
;;;;;;;;;;;;;;;;;
;;;;;;;;;;;;;;;;;
;;;;;;;;;;;;;;;;;
;;;;;;;;;;;;;;;;;
;;;;;;;;;;;;;;;;;
;;;;;;;;;;;;;;;;;
;;;;;;;;;;;;;;;;;
;;;;;;;;;;;;;;;;;
;;;;;;;;;;;;;;;;;
;;;;;;;;;;;;;;;;;
;;;;;;;;;;;;;;;;;
;;;;;;;;;;;;;;;;;
;;;;;;;;;;;;;;;;;
;;;;;;;;;;;;;;;;;
;;;;;;;;;;;;;;;;;
;;;;;;;;;;;;;;;;;
;;;;;;;;;;;;;;;;;
;;;;;;;;;;;;;;;;;
;;;;;;;;;;;;;;;;;
;;;;;;;;;;;;;;;;;
;;;;;;;;;;;;;;;;;
;;;;;;;;;;;;;;;;;
;;;;;;;;;;;;;;;;;
;;;;;;;;;;;;;;;;;
;;;;;;;;;;;;;;;;;
;;;;;;;;;;;;;;;;;
;;;;;;;;;;;;;;;;;
;;;;;;;;;;;;;;;;;
;;;;;;;;;;;;;;;;;
;;;;;;;;;;;;;;;;;
;;;;;;;;;;;;;;;;;
;;;;;;;;;;;;;;;;;
;;;;;;;;;;;;;;;;;
;;;;;;;;;;;;;;;;;
;;;;;;;;;;;;;;;;;
;;;;;;;;;;;;;;;;;
;;;;;;;;;;;;;;;;;
;;;;;;;;;;;;;;;;;
;;;;;;;;;;;;;;;;;
;;;;;;;;;;;;;;;;;
;;;;;;;;;;;;;;;;;
;;;;;;;;;;;;;;;;;
;;;;;;;;;;;;;;;;;
;;;;;;;;;;;;;;;;;
;;;;;;;;;;;;;;;;;
;;;;;;;;;;;;;;;;;
;;;;;;;;;;;;;;;;;
;;;;;;;;;;;;;;;;;
;;;;;;;;;;;;;;;;;
;;;;;;;;;;;;;;;;;
;;;;;;;;;;;;;;;;;
;;;;;;;;;;;;;;;;;
;;;;;;;;;;;;;;;;;
;;;;;;;;;;;;;;;;;
;;;;;;;;;;;;;;;;;
;;;;;;;;;;;;;;;;;
;;;;;;;;;;;;;;;;;
;;;;;;;;;;;;;;;;;
;;;;;;;;;;;;;;;;;
;;;;;;;;;;;;;;;;;
;;;;;;;;;;;;;;;;;
;;;;;;;;;;;;;;;;;
;;;;;;;;;;;;;;;;;
;;;;;;;;;;;;;;;;;
;;;;;;;;;;;;;;;;;
;;;;;;;;;;;;;;;;;
;;;;;;;;;;;;;;;;;
;;;;;;;;;;;;;;;;;
;;;;;;;;;;;;;;;;;
;;;;;;;;;;;;;;;;;
;;;;;;;;;;;;;;;;;
;;;;;;;;;;;;;;;;;
;;;;;;;;;;;;;;;;;
;;;;;;;;;;;;;;;;;
;;;;;;;;;;;;;;;;;
;;;;;;;;;;;;;;;;;
;;;;;;;;;;;;;;;;;
;;;;;;;;;;;;;;;;;
;;;;;;;;;;;;;;;;;
;;;;;;;;;;;;;;;;;
;;;;;;;;;;;;;;;;;
;;;;;;;;;;;;;;;;;
;;;;;;;;;;;;;;;;;
;;;;;;;;;;;;;;;;;
;;;;;;;;;;;;;;;;;
;;;;;;;;;;;;;;;;;
;;;;;;;;;;;;;;;;;
;;;;;;;;;;;;;;;;;
;;;;;;;;;;;;;;;;;
;;;;;;;;;;;;;;;;;
;;;;;;;;;;;;;;;;;
;;;;;;;;;;;;;;;;;
;;;;;;;;;;;;;;;;;
;;;;;;;;;;;;;;;;;
;;;;;;;;;;;;;;;;;
;;;;;;;;;;;;;;;;;
;;;;;;;;;;;;;;;;;
;;;;;;;;;;;;;;;;;
;;;;;;;;;;;;;;;;;
;;;;;;;;;;;;;;;;;
;;;;;;;;;;;;;;;;;
;;;;;;;;;;;;;;;;;
;;;;;;;;;;;;;;;;;
;;;;;;;;;;;;;;;;;
;;;;;;;;;;;;;;;;;
;;;;;;;;;;;;;;;;;
;;;;;;;;;;;;;;;;;
;;;;;;;;;;;;;;;;;
;;;;;;;;;;;;;;;;;
;;;;;;;;;;;;;;;;;
;;;;;;;;;;;;;;;;;
;;;;;;;;;;;;;;;;;
;;;;;;;;;;;;;;;;;
;;;;;;;;;;;;;;;;;
;;;;;;;;;;;;;;;;;
;;;;;;;;;;;;;;;;;
;;;;;;;;;;;;;;;;;
;;;;;;;;;;;;;;;;;
;;;;;;;;;;;;;;;;;
;;;;;;;;;;;;;;;;;
;;;;;;;;;;;;;;;;;
;;;;;;;;;;;;;;;;;
;;;;;;;;;;;;;;;;;
;;;;;;;;;;;;;;;;;
;;;;;;;;;;;;;;;;;
;;;;;;;;;;;;;;;;;
;;;;;;;;;;;;;;;;;
;;;;;;;;;;;;;;;;;
;;;;;;;;;;;;;;;;;
;;;;;;;;;;;;;;;;;
;;;;;;;;;;;;;;;;;
;;;;;;;;;;;;;;;;;
;;;;;;;;;;;;;;;;;
;;;;;;;;;;;;;;;;;
;;;;;;;;;;;;;;;;;
;;;;;;;;;;;;;;;;;
;;;;;;;;;;;;;;;;;
;;;;;;;;;;;;;;;;;
;;;;;;;;;;;;;;;;;
;;;;;;;;;;;;;;;;;
;;;;;;;;;;;;;;;;;
;;;;;;;;;;;;;;;;;
;;;;;;;;;;;;;;;;;
;;;;;;;;;;;;;;;;;
;;;;;;;;;;;;;;;;;
;;;;;;;;;;;;;;;;;
;;;;;;;;;;;;;;;;;
;;;;;;;;;;;;;;;;;
;;;;;;;;;;;;;;;;;
;;;;;;;;;;;;;;;;;
;;;;;;;;;;;;;;;;;
;;;;;;;;;;;;;;;;;
;;;;;;;;;;;;;;;;;
;;;;;;;;;;;;;;;;;
;;;;;;;;;;;;;;;;;
;;;;;;;;;;;;;;;;;
;;;;;;;;;;;;;;;;;
;;;;;;;;;;;;;;;;;
;;;;;;;;;;;;;;;;;
;;;;;;;;;;;;;;;;;
;;;;;;;;;;;;;;;;;
;;;;;;;;;;;;;;;;;
;;;;;;;;;;;;;;;;;
;;;;;;;;;;;;;;;;;
;;;;;;;;;;;;;;;;;
;;;;;;;;;;;;;;;;;
;;;;;;;;;;;;;;;;;
;;;;;;;;;;;;;;;;;
;;;;;;;;;;;;;;;;;
;;;;;;;;;;;;;;;;;
;;;;;;;;;;;;;;;;;
;;;;;;;;;;;;;;;;;
;;;;;;;;;;;;;;;;;
;;;;;;;;;;;;;;;;;
;;;;;;;;;;;;;;;;;
;;;;;;;;;;;;;;;;;
;;;;;;;;;;;;;;;;;
;;;;;;;;;;;;;;;;;
;;;;;;;;;;;;;;;;;
;;;;;;;;;;;;;;;;;
;;;;;;;;;;;;;;;;;
;;;;;;;;;;;;;;;;;
;;;;;;;;;;;;;;;;;
;;;;;;;;;;;;;;;;;
;;;;;;;;;;;;;;;;;
;;;;;;;;;;;;;;;;;
;;;;;;;;;;;;;;;;;
;;;;;;;;;;;;;;;;;
;;;;;;;;;;;;;;;;;
;;;;;;;;;;;;;;;;;
;;;;;;;;;;;;;;;;;
;;;;;;;;;;;;;;;;;
;;;;;;;;;;;;;;;;;
;;;;;;;;;;;;;;;;;
;;;;;;;;;;;;;;;;;
;;;;;;;;;;;;;;;;;
;;;;;;;;;;;;;;;;;
;;;;;;;;;;;;;;;;;
;;;;;;;;;;;;;;;;;
;;;;;;;;;;;;;;;;;
;;;;;;;;;;;;;;;;;
;;;;;;;;;;;;;;;;;
;;;;;;;;;;;;;;;;;
;;;;;;;;;;;;;;;;;
;;;;;;;;;;;;;;;;;
;;;;;;;;;;;;;;;;;
;;;;;;;;;;;;;;;;;
;;;;;;;;;;;;;;;;;
;;;;;;;;;;;;;;;;;
;;;;;;;;;;;;;;;;;
;;;;;;;;;;;;;;;;;
;;;;;;;;;;;;;;;;;
;;;;;;;;;;;;;;;;;
;;;;;;;;;;;;;;;;;
;;;;;;;;;;;;;;;;;
;;;;;;;;;;;;;;;;;
;;;;;;;;;;;;;;;;;
;;;;;;;;;;;;;;;;;
;;;;;;;;;;;;;;;;;
;;;;;;;;;;;;;;;;;
;;;;;;;;;;;;;;;;;
;;;;;;;;;;;;;;;;;
;;;;;;;;;;;;;;;;;
;;;;;;;;;;;;;;;;;
;;;;;;;;;;;;;;;;;
;;;;;;;;;;;;;;;;;
;;;;;;;;;;;;;;;;;
;;;;;;;;;;;;;;;;;
;;;;;;;;;;;;;;;;;
;;;;;;;;;;;;;;;;;
;;;;;;;;;;;;;;;;;
;;;;;;;;;;;;;;;;;
;;;;;;;;;;;;;;;;;
;;;;;;;;;;;;;;;;;
;;;;;;;;;;;;;;;;;
;;;;;;;;;;;;;;;;;
;;;;;;;;;;;;;;;;;
;;;;;;;;;;;;;;;;;
;;;;;;;;;;;;;;;;;
;;;;;;;;;;;;;;;;;
;;;;;;;;;;;;;;;;;
;;;;;;;;;;;;;;;;;
;;;;;;;;;;;;;;;;;
;;;;;;;;;;;;;;;;;
;;;;;;;;;;;;;;;;;
;;;;;;;;;;;;;;;;;
;;;;;;;;;;;;;;;;;
;;;;;;;;;;;;;;;;;
;;;;;;;;;;;;;;;;;
;;;;;;;;;;;;;;;;;
;;;;;;;;;;;;;;;;;
;;;;;;;;;;;;;;;;;
;;;;;;;;;;;;;;;;;
;;;;;;;;;;;;;;;;;
;;;;;;;;;;;;;;;;;
;;;;;;;;;;;;;;;;;
;;;;;;;;;;;;;;;;;
;;;;;;;;;;;;;;;;;
;;;;;;;;;;;;;;;;;
;;;;;;;;;;;;;;;;;
;;;;;;;;;;;;;;;;;
;;;;;;;;;;;;;;;;;
;;;;;;;;;;;;;;;;;
;;;;;;;;;;;;;;;;;
;;;;;;;;;;;;;;;;;
;;;;;;;;;;;;;;;;;
;;;;;;;;;;;;;;;;;
;;;;;;;;;;;;;;;;;
;;;;;;;;;;;;;;;;;
;;;;;;;;;;;;;;;;;
;;;;;;;;;;;;;;;;;
;;;;;;;;;;;;;;;;;
;;;;;;;;;;;;;;;;;
;;;;;;;;;;;;;;;;;
;;;;;;;;;;;;;;;;;
;;;;;;;;;;;;;;;;;
;;;;;;;;;;;;;;;;;
;;;;;;;;;;;;;;;;;
;;;;;;;;;;;;;;;;;
;;;;;;;;;;;;;;;;;
;;;;;;;;;;;;;;;;;
;;;;;;;;;;;;;;;;;
;;;;;;;;;;;;;;;;;
;;;;;;;;;;;;;;;;;
;;;;;;;;;;;;;;;;;
;;;;;;;;;;;;;;;;;
;;;;;;;;;;;;;;;;;
;;;;;;;;;;;;;;;;;
;;;;;;;;;;;;;;;;;
;;;;;;;;;;;;;;;;;
;;;;;;;;;;;;;;;;;
;;;;;;;;;;;;;;;;;
;;;;;;;;;;;;;;;;;
;;;;;;;;;;;;;;;;;
;;;;;;;;;;;;;;;;;
;;;;;;;;;;;;;;;;;
;;;;;;;;;;;;;;;;;
;;;;;;;;;;;;;;;;;
;;;;;;;;;;;;;;;;;
;;;;;;;;;;;;;;;;;
;;;;;;;;;;;;;;;;;
;;;;;;;;;;;;;;;;;
;;;;;;;;;;;;;;;;;
;;;;;;;;;;;;;;;;;
;;;;;;;;;;;;;;;;;
;;;;;;;;;;;;;;;;;
;;;;;;;;;;;;;;;;;
;;;;;;;;;;;;;;;;;
;;;;;;;;;;;;;;;;;
;;;;;;;;;;;;;;;;;
;;;;;;;;;;;;;;;;;
;;;;;;;;;;;;;;;;;
;;;;;;;;;;;;;;;;;
;;;;;;;;;;;;;;;;;
;;;;;;;;;;;;;;;;;
;;;;;;;;;;;;;;;;;
;;;;;;;;;;;;;;;;;
;;;;;;;;;;;;;;;;;
;;;;;;;;;;;;;;;;;
;;;;;;;;;;;;;;;;;
;;;;;;;;;;;;;;;;;
;;;;;;;;;;;;;;;;;
;;;;;;;;;;;;;;;;;
;;;;;;;;;;;;;;;;;
;;;;;;;;;;;;;;;;;
;;;;;;;;;;;;;;;;;
;;;;;;;;;;;;;;;;;
;;;;;;;;;;;;;;;;;
;;;;;;;;;;;;;;;;;
;;;;;;;;;;;;;;;;;
;;;;;;;;;;;;;;;;;
;;;;;;;;;;;;;;;;;
;;;;;;;;;;;;;;;;;
;;;;;;;;;;;;;;;;;
;;;;;;;;;;;;;;;;;
;;;;;;;;;;;;;;;;;
;;;;;;;;;;;;;;;;;
;;;;;;;;;;;;;;;;;
;;;;;;;;;;;;;;;;;
;;;;;;;;;;;;;;;;;
;;;;;;;;;;;;;;;;;
;;;;;;;;;;;;;;;;;
;;;;;;;;;;;;;;;;;
;;;;;;;;;;;;;;;;;
;;;;;;;;;;;;;;;;;
;;;;;;;;;;;;;;;;;
;;;;;;;;;;;;;;;;;
;;;;;;;;;;;;;;;;;
;;;;;;;;;;;;;;;;;
;;;;;;;;;;;;;;;;;
;;;;;;;;;;;;;;;;;
;;;;;;;;;;;;;;;;;
;;;;;;;;;;;;;;;;;
;;;;;;;;;;;;;;;;;
;;;;;;;;;;;;;;;;;
;;;;;;;;;;;;;;;;;
;;;;;;;;;;;;;;;;;
;;;;;;;;;;;;;;;;;
;;;;;;;;;;;;;;;;;
;;;;;;;;;;;;;;;;;
;;;;;;;;;;;;;;;;;
;;;;;;;;;;;;;;;;;
;;;;;;;;;;;;;;;;;
;;;;;;;;;;;;;;;;;
;;;;;;;;;;;;;;;;;
;;;;;;;;;;;;;;;;;
;;;;;;;;;;;;;;;;;
;;;;;;;;;;;;;;;;;
;;;;;;;;;;;;;;;;;
;;;;;;;;;;;;;;;;;
;;;;;;;;;;;;;;;;;
;;;;;;;;;;;;;;;;;
;;;;;;;;;;;;;;;;;
;;;;;;;;;;;;;;;;;
;;;;;;;;;;;;;;;;;
;;;;;;;;;;;;;;;;;
;;;;;;;;;;;;;;;;;
;;;;;;;;;;;;;;;;;
;;;;;;;;;;;;;;;;;
;;;;;;;;;;;;;;;;;
;;;;;;;;;;;;;;;;;
;;;;;;;;;;;;;;;;;
;;;;;;;;;;;;;;;;;
;;;;;;;;;;;;;;;;;
;;;;;;;;;;;;;;;;;
;;;;;;;;;;;;;;;;;
;;;;;;;;;;;;;;;;;
;;;;;;;;;;;;;;;;;
;;;;;;;;;;;;;;;;;
;;;;;;;;;;;;;;;;;
;;;;;;;;;;;;;;;;;
;;;;;;;;;;;;;;;;;
;;;;;;;;;;;;;;;;;
;;;;;;;;;;;;;;;;;
;;;;;;;;;;;;;;;;;
;;;;;;;;;;;;;;;;;
;;;;;;;;;;;;;;;;;
;;;;;;;;;;;;;;;;;
;;;;;;;;;;;;;;;;;
;;;;;;;;;;;;;;;;;
;;;;;;;;;;;;;;;;;
;;;;;;;;;;;;;;;;;
;;;;;;;;;;;;;;;;;
;;;;;;;;;;;;;;;;;
;;;;;;;;;;;;;;;;;
;;;;;;;;;;;;;;;;;
;;;;;;;;;;;;;;;;;
;;;;;;;;;;;;;;;;;
;;;;;;;;;;;;;;;;;
;;;;;;;;;;;;;;;;;
;;;;;;;;;;;;;;;;;
;;;;;;;;;;;;;;;;;
;;;;;;;;;;;;;;;;;
;;;;;;;;;;;;;;;;;
;;;;;;;;;;;;;;;;;
;;;;;;;;;;;;;;;;;
;;;;;;;;;;;;;;;;;
;;;;;;;;;;;;;;;;;
;;;;;;;;;;;;;;;;;
;;;;;;;;;;;;;;;;;
;;;;;;;;;;;;;;;;;
;;;;;;;;;;;;;;;;;
;;;;;;;;;;;;;;;;;
;;;;;;;;;;;;;;;;;
;;;;;;;;;;;;;;;;;
;;;;;;;;;;;;;;;;;
;;;;;;;;;;;;;;;;;
;;;;;;;;;;;;;;;;;
;;;;;;;;;;;;;;;;;
;;;;;;;;;;;;;;;;;
;;;;;;;;;;;;;;;;;
;;;;;;;;;;;;;;;;;
;;;;;;;;;;;;;;;;;
;;;;;;;;;;;;;;;;;
;;;;;;;;;;;;;;;;;
;;;;;;;;;;;;;;;;;
;;;;;;;;;;;;;;;;;
;;;;;;;;;;;;;;;;;
;;;;;;;;;;;;;;;;;
;;;;;;;;;;;;;;;;;
;;;;;;;;;;;;;;;;;
;;;;;;;;;;;;;;;;;
;;;;;;;;;;;;;;;;;
;;;;;;;;;;;;;;;;;
;;;;;;;;;;;;;;;;;
;;;;;;;;;;;;;;;;;
;;;;;;;;;;;;;;;;;
;;;;;;;;;;;;;;;;;
;;;;;;;;;;;;;;;;;
;;;;;;;;;;;;;;;;;
;;;;;;;;;;;;;;;;;
;;;;;;;;;;;;;;;;;
;;;;;;;;;;;;;;;;;
;;;;;;;;;;;;;;;;;
;;;;;;;;;;;;;;;;;
;;;;;;;;;;;;;;;;;
;;;;;;;;;;;;;;;;;
;;;;;;;;;;;;;;;;;
;;;;;;;;;;;;;;;;;
;;;;;;;;;;;;;;;;;
;;;;;;;;;;;;;;;;;
;;;;;;;;;;;;;;;;;
;;;;;;;;;;;;;;;;;
;;;;;;;;;;;;;;;;;
;;;;;;;;;;;;;;;;;
;;;;;;;;;;;;;;;;;
;;;;;;;;;;;;;;;;;
;;;;;;;;;;;;;;;;;
;;;;;;;;;;;;;;;;;
;;;;;;;;;;;;;;;;;
;;;;;;;;;;;;;;;;;
;;;;;;;;;;;;;;;;;
;;;;;;;;;;;;;;;;;
;;;;;;;;;;;;;;;;;
;;;;;;;;;;;;;;;;;
;;;;;;;;;;;;;;;;;
;;;;;;;;;;;;;;;;;
;;;;;;;;;;;;;;;;;
;;;;;;;;;;;;;;;;;
;;;;;;;;;;;;;;;;;
;;;;;;;;;;;;;;;;;
;;;;;;;;;;;;;;;;;
;;;;;;;;;;;;;;;;;
;;;;;;;;;;;;;;;;;
;;;;;;;;;;;;;;;;;
;;;;;;;;;;;;;;;;;
;;;;;;;;;;;;;;;;;
;;;;;;;;;;;;;;;;;
;;;;;;;;;;;;;;;;;
;;;;;;;;;;;;;;;;;
;;;;;;;;;;;;;;;;;
;;;;;;;;;;;;;;;;;
;;;;;;;;;;;;;;;;;
;;;;;;;;;;;;;;;;;
;;;;;;;;;;;;;;;;;
;;;;;;;;;;;;;;;;;
;;;;;;;;;;;;;;;;;
;;;;;;;;;;;;;;;;;
;;;;;;;;;;;;;;;;;
;;;;;;;;;;;;;;;;;
;;;;;;;;;;;;;;;;;
;;;;;;;;;;;;;;;;;
;;;;;;;;;;;;;;;;;
;;;;;;;;;;;;;;;;;
;;;;;;;;;;;;;;;;;
;;;;;;;;;;;;;;;;;
;;;;;;;;;;;;;;;;;
;;;;;;;;;;;;;;;;;
;;;;;;;;;;;;;;;;;
;;;;;;;;;;;;;;;;;
;;;;;;;;;;;;;;;;;
;;;;;;;;;;;;;;;;;
;;;;;;;;;;;;;;;;;
;;;;;;;;;;;;;;;;;
;;;;;;;;;;;;;;;;;
;;;;;;;;;;;;;;;;;
;;;;;;;;;;;;;;;;;
;;;;;;;;;;;;;;;;;
;;;;;;;;;;;;;;;;;
;;;;;;;;;;;;;;;;;
;;;;;;;;;;;;;;;;;
;;;;;;;;;;;;;;;;;
;;;;;;;;;;;;;;;;;
;;;;;;;;;;;;;;;;;
;;;;;;;;;;;;;;;;;
;;;;;;;;;;;;;;;;;
;;;;;;;;;;;;;;;;;
;;;;;;;;;;;;;;;;;
;;;;;;;;;;;;;;;;;
;;;;;;;;;;;;;;;;;
;;;;;;;;;;;;;;;;;
;;;;;;;;;;;;;;;;;
;;;;;;;;;;;;;;;;;
;;;;;;;;;;;;;;;;;
;;;;;;;;;;;;;;;;;
;;;;;;;;;;;;;;;;;
;;;;;;;;;;;;;;;;;
;;;;;;;;;;;;;;;;;
;;;;;;;;;;;;;;;;;
;;;;;;;;;;;;;;;;;
;;;;;;;;;;;;;;;;;
;;;;;;;;;;;;;;;;;
;;;;;;;;;;;;;;;;;
;;;;;;;;;;;;;;;;;
;;;;;;;;;;;;;;;;;
;;;;;;;;;;;;;;;;;
;;;;;;;;;;;;;;;;;
;;;;;;;;;;;;;;;;;
;;;;;;;;;;;;;;;;;
;;;;;;;;;;;;;;;;;
;;;;;;;;;;;;;;;;;
;;;;;;;;;;;;;;;;;
;;;;;;;;;;;;;;;;;
;;;;;;;;;;;;;;;;;
;;;;;;;;;;;;;;;;;
;;;;;;;;;;;;;;;;;
;;;;;;;;;;;;;;;;;
;;;;;;;;;;;;;;;;;
;;;;;;;;;;;;;;;;;
;;;;;;;;;;;;;;;;;
;;;;;;;;;;;;;;;;;
;;;;;;;;;;;;;;;;;
;;;;;;;;;;;;;;;;;
;;;;;;;;;;;;;;;;;
;;;;;;;;;;;;;;;;;
;;;;;;;;;;;;;;;;;
;;;;;;;;;;;;;;;;;
;;;;;;;;;;;;;;;;;
;;;;;;;;;;;;;;;;;
;;;;;;;;;;;;;;;;;
;;;;;;;;;;;;;;;;;
;;;;;;;;;;;;;;;;;
;;;;;;;;;;;;;;;;;
;;;;;;;;;;;;;;;;;
;;;;;;;;;;;;;;;;;
;;;;;;;;;;;;;;;;;
;;;;;;;;;;;;;;;;;
;;;;;;;;;;;;;;;;;
;;;;;;;;;;;;;;;;;
;;;;;;;;;;;;;;;;;
;;;;;;;;;;;;;;;;;
;;;;;;;;;;;;;;;;;
;;;;;;;;;;;;;;;;;
;;;;;;;;;;;;;;;;;
;;;;;;;;;;;;;;;;;
;;;;;;;;;;;;;;;;;
;;;;;;;;;;;;;;;;;
;;;;;;;;;;;;;;;;;
;;;;;;;;;;;;;;;;;
;;;;;;;;;;;;;;;;;
;;;;;;;;;;;;;;;;;
;;;;;;;;;;;;;;;;;
;;;;;;;;;;;;;;;;;
;;;;;;;;;;;;;;;;;
;;;;;;;;;;;;;;;;;
;;;;;;;;;;;;;;;;;
;;;;;;;;;;;;;;;;;
;;;;;;;;;;;;;;;;;
;;;;;;;;;;;;;;;;;
;;;;;;;;;;;;;;;;;
;;;;;;;;;;;;;;;;;
;;;;;;;;;;;;;;;;;
;;;;;;;;;;;;;;;;;
;;;;;;;;;;;;;;;;;
;;;;;;;;;;;;;;;;;
;;;;;;;;;;;;;;;;;
;;;;;;;;;;;;;;;;;
;;;;;;;;;;;;;;;;;
;;;;;;;;;;;;;;;;;
;;;;;;;;;;;;;;;;;
;;;;;;;;;;;;;;;;;
;;;;;;;;;;;;;;;;;
;;;;;;;;;;;;;;;;;
;;;;;;;;;;;;;;;;;
;;;;;;;;;;;;;;;;;
;;;;;;;;;;;;;;;;;
;;;;;;;;;;;;;;;;;
;;;;;;;;;;;;;;;;;
;;;;;;;;;;;;;;;;;
;;;;;;;;;;;;;;;;;
;;;;;;;;;;;;;;;;;
;;;;;;;;;;;;;;;;;
;;;;;;;;;;;;;;;;;
;;;;;;;;;;;;;;;;;
;;;;;;;;;;;;;;;;;
;;;;;;;;;;;;;;;;;
;;;;;;;;;;;;;;;;;
;;;;;;;;;;;;;;;;;
;;;;;;;;;;;;;;;;;
;;;;;;;;;;;;;;;;;
;;;;;;;;;;;;;;;;;
;;;;;;;;;;;;;;;;;
;;;;;;;;;;;;;;;;;
;;;;;;;;;;;;;;;;;
;;;;;;;;;;;;;;;;;
;;;;;;;;;;;;;;;;;
;;;;;;;;;;;;;;;;;
;;;;;;;;;;;;;;;;;
;;;;;;;;;;;;;;;;;
;;;;;;;;;;;;;;;;;
;;;;;;;;;;;;;;;;;
;;;;;;;;;;;;;;;;;
;;;;;;;;;;;;;;;;;
;;;;;;;;;;;;;;;;;
;;;;;;;;;;;;;;;;;
;;;;;;;;;;;;;;;;;
;;;;;;;;;;;;;;;;;
;;;;;;;;;;;;;;;;;
;;;;;;;;;;;;;;;;;
;;;;;;;;;;;;;;;;;
;;;;;;;;;;;;;;;;;
;;;;;;;;;;;;;;;;;
;;;;;;;;;;;;;;;;;
;;;;;;;;;;;;;;;;;
;;;;;;;;;;;;;;;;;
;;;;;;;;;;;;;;;;;
;;;;;;;;;;;;;;;;;
;;;;;;;;;;;;;;;;;
;;;;;;;;;;;;;;;;;
;;;;;;;;;;;;;;;;;
;;;;;;;;;;;;;;;;;
;;;;;;;;;;;;;;;;;
;;;;;;;;;;;;;;;;;
;;;;;;;;;;;;;;;;;
;;;;;;;;;;;;;;;;;
;;;;;;;;;;;;;;;;;
;;;;;;;;;;;;;;;;;
;;;;;;;;;;;;;;;;;
;;;;;;;;;;;;;;;;;
;;;;;;;;;;;;;;;;;
;;;;;;;;;;;;;;;;;
;;;;;;;;;;;;;;;;;
;;;;;;;;;;;;;;;;;
;;;;;;;;;;;;;;;;;
;;;;;;;;;;;;;;;;;
;;;;;;;;;;;;;;;;;
;;;;;;;;;;;;;;;;;
;;;;;;;;;;;;;;;;;
;;;;;;;;;;;;;;;;;
;;;;;;;;;;;;;;;;;
;;;;;;;;;;;;;;;;;
;;;;;;;;;;;;;;;;;
;;;;;;;;;;;;;;;;;
;;;;;;;;;;;;;;;;;
;;;;;;;;;;;;;;;;;
;;;;;;;;;;;;;;;;;
;;;;;;;;;;;;;;;;;
;;;;;;;;;;;;;;;;;
;;;;;;;;;;;;;;;;;
;;;;;;;;;;;;;;;;;
;;;;;;;;;;;;;;;;;
;;;;;;;;;;;;;;;;;
;;;;;;;;;;;;;;;;;
;;;;;;;;;;;;;;;;;
;;;;;;;;;;;;;;;;;
;;;;;;;;;;;;;;;;;
;;;;;;;;;;;;;;;;;
;;;;;;;;;;;;;;;;;
;;;;;;;;;;;;;;;;;
;;;;;;;;;;;;;;;;;
;;;;;;;;;;;;;;;;;
;;;;;;;;;;;;;;;;;
;;;;;;;;;;;;;;;;;
;;;;;;;;;;;;;;;;;
;;;;;;;;;;;;;;;;;
;;;;;;;;;;;;;;;;;
;;;;;;;;;;;;;;;;;
;;;;;;;;;;;;;;;;;
;;;;;;;;;;;;;;;;;
;;;;;;;;;;;;;;;;;
;;;;;;;;;;;;;;;;;
;;;;;;;;;;;;;;;;;
;;;;;;;;;;;;;;;;;
;;;;;;;;;;;;;;;;;
;;;;;;;;;;;;;;;;;
;;;;;;;;;;;;;;;;;
;;;;;;;;;;;;;;;;;
;;;;;;;;;;;;;;;;;
;;;;;;;;;;;;;;;;;
;;;;;;;;;;;;;;;;;
;;;;;;;;;;;;;;;;;
;;;;;;;;;;;;;;;;;
;;;;;;;;;;;;;;;;;
;;;;;;;;;;;;;;;;;
;;;;;;;;;;;;;;;;;
;;;;;;;;;;;;;;;;;
;;;;;;;;;;;;;;;;;
;;;;;;;;;;;;;;;;;
;;;;;;;;;;;;;;;;;
;;;;;;;;;;;;;;;;;
;;;;;;;;;;;;;;;;;
;;;;;;;;;;;;;;;;;
;;;;;;;;;;;;;;;;;
;;;;;;;;;;;;;;;;;
;;;;;;;;;;;;;;;;;
;;;;;;;;;;;;;;;;;
;;;;;;;;;;;;;;;;;
;;;;;;;;;;;;;;;;;
;;;;;;;;;;;;;;;;;
;;;;;;;;;;;;;;;;;
;;;;;;;;;;;;;;;;;
;;;;;;;;;;;;;;;;;
;;;;;;;;;;;;;;;;;
;;;;;;;;;;;;;;;;;
;;;;;;;;;;;;;;;;;
;;;;;;;;;;;;;;;;;
;;;;;;;;;;;;;;;;;
;;;;;;;;;;;;;;;;;
;;;;;;;;;;;;;;;;;
;;;;;;;;;;;;;;;;;
;;;;;;;;;;;;;;;;;
;;;;;;;;;;;;;;;;;
;;;;;;;;;;;;;;;;;
;;;;;;;;;;;;;;;;;
;;;;;;;;;;;;;;;;;
;;;;;;;;;;;;;;;;;
;;;;;;;;;;;;;;;;;
;;;;;;;;;;;;;;;;;
;;;;;;;;;;;;;;;;;
;;;;;;;;;;;;;;;;;
;;;;;;;;;;;;;;;;;
;;;;;;;;;;;;;;;;;
;;;;;;;;;;;;;;;;;
;;;;;;;;;;;;;;;;;
;;;;;;;;;;;;;;;;;
;;;;;;;;;;;;;;;;;
;;;;;;;;;;;;;;;;;
;;;;;;;;;;;;;;;;;
;;;;;;;;;;;;;;;;;
;;;;;;;;;;;;;;;;;
;;;;;;;;;;;;;;;;;
;;;;;;;;;;;;;;;;;
;;;;;;;;;;;;;;;;;
;;;;;;;;;;;;;;;;;
;;;;;;;;;;;;;;;;;
;;;;;;;;;;;;;;;;;
;;;;;;;;;;;;;;;;;
;;;;;;;;;;;;;;;;;
;;;;;;;;;;;;;;;;;
;;;;;;;;;;;;;;;;;
;;;;;;;;;;;;;;;;;
;;;;;;;;;;;;;;;;;
;;;;;;;;;;;;;;;;;
;;;;;;;;;;;;;;;;;
;;;;;;;;;;;;;;;;;
;;;;;;;;;;;;;;;;;
;;;;;;;;;;;;;;;;;
;;;;;;;;;;;;;;;;;
;;;;;;;;;;;;;;;;;
;;;;;;;;;;;;;;;;;
;;;;;;;;;;;;;;;;;
;;;;;;;;;;;;;;;;;
;;;;;;;;;;;;;;;;;
;;;;;;;;;;;;;;;;;
;;;;;;;;;;;;;;;;;
;;;;;;;;;;;;;;;;;
;;;;;;;;;;;;;;;;;
;;;;;;;;;;;;;;;;;
;;;;;;;;;;;;;;;;;
;;;;;;;;;;;;;;;;;
;;;;;;;;;;;;;;;;;
;;;;;;;;;;;;;;;;;
;;;;;;;;;;;;;;;;;
;;;;;;;;;;;;;;;;;
;;;;;;;;;;;;;;;;;
;;;;;;;;;;;;;;;;;
;;;;;;;;;;;;;;;;;
;;;;;;;;;;;;;;;;;
;;;;;;;;;;;;;;;;;
;;;;;;;;;;;;;;;;;
;;;;;;;;;;;;;;;;;
;;;;;;;;;;;;;;;;;
;;;;;;;;;;;;;;;;;
;;;;;;;;;;;;;;;;;
;;;;;;;;;;;;;;;;;
;;;;;;;;;;;;;;;;;
;;;;;;;;;;;;;;;;;
;;;;;;;;;;;;;;;;;
;;;;;;;;;;;;;;;;;
;;;;;;;;;;;;;;;;;
;;;;;;;;;;;;;;;;;
;;;;;;;;;;;;;;;;;
;;;;;;;;;;;;;;;;;
;;;;;;;;;;;;;;;;;
;;;;;;;;;;;;;;;;;
;;;;;;;;;;;;;;;;;
;;;;;;;;;;;;;;;;;
;;;;;;;;;;;;;;;;;
;;;;;;;;;;;;;;;;;
;;;;;;;;;;;;;;;;;
;;;;;;;;;;;;;;;;;
;;;;;;;;;;;;;;;;;
;;;;;;;;;;;;;;;;;
;;;;;;;;;;;;;;;;;
;;;;;;;;;;;;;;;;;
;;;;;;;;;;;;;;;;;
;;;;;;;;;;;;;;;;;
;;;;;;;;;;;;;;;;;
;;;;;;;;;;;;;;;;;
;;;;;;;;;;;;;;;;;
;;;;;;;;;;;;;;;;;
;;;;;;;;;;;;;;;;;
;;;;;;;;;;;;;;;;;
;;;;;;;;;;;;;;;;;
;;;;;;;;;;;;;;;;;
;;;;;;;;;;;;;;;;;
;;;;;;;;;;;;;;;;;
;;;;;;;;;;;;;;;;;
;;;;;;;;;;;;;;;;;
;;;;;;;;;;;;;;;;;
;;;;;;;;;;;;;;;;;
;;;;;;;;;;;;;;;;;
;;;;;;;;;;;;;;;;;
;;;;;;;;;;;;;;;;;
;;;;;;;;;;;;;;;;;
;;;;;;;;;;;;;;;;;
;;;;;;;;;;;;;;;;;
;;;;;;;;;;;;;;;;;
;;;;;;;;;;;;;;;;;
;;;;;;;;;;;;;;;;;
;;;;;;;;;;;;;;;;;
;;;;;;;;;;;;;;;;;
;;;;;;;;;;;;;;;;;
;;;;;;;;;;;;;;;;;
;;;;;;;;;;;;;;;;;
;;;;;;;;;;;;;;;;;
;;;;;;;;;;;;;;;;;
;;;;;;;;;;;;;;;;;
;;;;;;;;;;;;;;;;;
;;;;;;;;;;;;;;;;;
;;;;;;;;;;;;;;;;;
;;;;;;;;;;;;;;;;;
;;;;;;;;;;;;;;;;;
;;;;;;;;;;;;;;;;;
;;;;;;;;;;;;;;;;;
;;;;;;;;;;;;;;;;;
;;;;;;;;;;;;;;;;;
;;;;;;;;;;;;;;;;;
;;;;;;;;;;;;;;;;;
;;;;;;;;;;;;;;;;;
;;;;;;;;;;;;;;;;;
;;;;;;;;;;;;;;;;;
;;;;;;;;;;;;;;;;;
;;;;;;;;;;;;;;;;;
;;;;;;;;;;;;;;;;;
;;;;;;;;;;;;;;;;;
;;;;;;;;;;;;;;;;;
;;;;;;;;;;;;;;;;;
;;;;;;;;;;;;;;;;;
;;;;;;;;;;;;;;;;;
;;;;;;;;;;;;;;;;;
;;;;;;;;;;;;;;;;;
;;;;;;;;;;;;;;;;;
;;;;;;;;;;;;;;;;;
;;;;;;;;;;;;;;;;;
;;;;;;;;;;;;;;;;;
;;;;;;;;;;;;;;;;;
;;;;;;;;;;;;;;;;;
;;;;;;;;;;;;;;;;;
;;;;;;;;;;;;;;;;;
;;;;;;;;;;;;;;;;;
;;;;;;;;;;;;;;;;;
;;;;;;;;;;;;;;;;;
;;;;;;;;;;;;;;;;;
;;;;;;;;;;;;;;;;;
;;;;;;;;;;;;;;;;;
;;;;;;;;;;;;;;;;;
;;;;;;;;;;;;;;;;;
;;;;;;;;;;;;;;;;;
;;;;;;;;;;;;;;;;;
;;;;;;;;;;;;;;;;;
;;;;;;;;;;;;;;;;;
;;;;;;;;;;;;;;;;;
;;;;;;;;;;;;;;;;;
;;;;;;;;;;;;;;;;;
;;;;;;;;;;;;;;;;;
;;;;;;;;;;;;;;;;;
;;;;;;;;;;;;;;;;;
;;;;;;;;;;;;;;;;;
;;;;;;;;;;;;;;;;;
;;;;;;;;;;;;;;;;;
;;;;;;;;;;;;;;;;;
;;;;;;;;;;;;;;;;;
;;;;;;;;;;;;;;;;;
;;;;;;;;;;;;;;;;;
;;;;;;;;;;;;;;;;;
;;;;;;;;;;;;;;;;;
;;;;;;;;;;;;;;;;;
;;;;;;;;;;;;;;;;;
;;;;;;;;;;;;;;;;;
;;;;;;;;;;;;;;;;;
;;;;;;;;;;;;;;;;;
;;;;;;;;;;;;;;;;;
;;;;;;;;;;;;;;;;;
;;;;;;;;;;;;;;;;;
;;;;;;;;;;;;;;;;;
;;;;;;;;;;;;;;;;;
;;;;;;;;;;;;;;;;;
;;;;;;;;;;;;;;;;;
;;;;;;;;;;;;;;;;;
;;;;;;;;;;;;;;;;;
;;;;;;;;;;;;;;;;;
;;;;;;;;;;;;;;;;;
;;;;;;;;;;;;;;;;;
;;;;;;;;;;;;;;;;;
;;;;;;;;;;;;;;;;;
;;;;;;;;;;;;;;;;;
;;;;;;;;;;;;;;;;;
;;;;;;;;;;;;;;;;;
;;;;;;;;;;;;;;;;;
;;;;;;;;;;;;;;;;;
;;;;;;;;;;;;;;;;;
;;;;;;;;;;;;;;;;;
;;;;;;;;;;;;;;;;;
;;;;;;;;;;;;;;;;;
;;;;;;;;;;;;;;;;;
;;;;;;;;;;;;;;;;;
;;;;;;;;;;;;;;;;;
;;;;;;;;;;;;;;;;;
;;;;;;;;;;;;;;;;;
;;;;;;;;;;;;;;;;;
;;;;;;;;;;;;;;;;;
;;;;;;;;;;;;;;;;;
;;;;;;;;;;;;;;;;;
;;;;;;;;;;;;;;;;;
;;;;;;;;;;;;;;;;;
;;;;;;;;;;;;;;;;;
;;;;;;;;;;;;;;;;;
;;;;;;;;;;;;;;;;;
;;;;;;;;;;;;;;;;;
;;;;;;;;;;;;;;;;;
;;;;;;;;;;;;;;;;;
;;;;;;;;;;;;;;;;;
;;;;;;;;;;;;;;;;;
;;;;;;;;;;;;;;;;;
;;;;;;;;;;;;;;;;;
;;;;;;;;;;;;;;;;;
;;;;;;;;;;;;;;;;;
;;;;;;;;;;;;;;;;;
;;;;;;;;;;;;;;;;;
;;;;;;;;;;;;;;;;;
;;;;;;;;;;;;;;;;;
;;;;;;;;;;;;;;;;;
;;;;;;;;;;;;;;;;;
;;;;;;;;;;;;;;;;;
;;;;;;;;;;;;;;;;;
;;;;;;;;;;;;;;;;;
;;;;;;;;;;;;;;;;;
;;;;;;;;;;;;;;;;;
;;;;;;;;;;;;;;;;;
;;;;;;;;;;;;;;;;;
;;;;;;;;;;;;;;;;;
;;;;;;;;;;;;;;;;;
;;;;;;;;;;;;;;;;;
;;;;;;;;;;;;;;;;;
;;;;;;;;;;;;;;;;;
;;;;;;;;;;;;;;;;;
;;;;;;;;;;;;;;;;;
;;;;;;;;;;;;;;;;;
;;;;;;;;;;;;;;;;;
;;;;;;;;;;;;;;;;;
;;;;;;;;;;;;;;;;;
;;;;;;;;;;;;;;;;;
;;;;;;;;;;;;;;;;;
;;;;;;;;;;;;;;;;;
;;;;;;;;;;;;;;;;;
;;;;;;;;;;;;;;;;;
;;;;;;;;;;;;;;;;;
;;;;;;;;;;;;;;;;;
;;;;;;;;;;;;;;;;;
;;;;;;;;;;;;;;;;;
;;;;;;;;;;;;;;;;;
;;;;;;;;;;;;;;;;;
;;;;;;;;;;;;;;;;;
;;;;;;;;;;;;;;;;;
;;;;;;;;;;;;;;;;;
;;;;;;;;;;;;;;;;;
;;;;;;;;;;;;;;;;;
;;;;;;;;;;;;;;;;;
;;;;;;;;;;;;;;;;;
;;;;;;;;;;;;;;;;;
;;;;;;;;;;;;;;;;;
;;;;;;;;;;;;;;;;;
;;;;;;;;;;;;;;;;;
;;;;;;;;;;;;;;;;;
;;;;;;;;;;;;;;;;;
;;;;;;;;;;;;;;;;;
;;;;;;;;;;;;;;;;;
;;;;;;;;;;;;;;;;;
;;;;;;;;;;;;;;;;;
;;;;;;;;;;;;;;;;;
;;;;;;;;;;;;;;;;;
;;;;;;;;;;;;;;;;;
;;;;;;;;;;;;;;;;;
;;;;;;;;;;;;;;;;;
;;;;;;;;;;;;;;;;;
;;;;;;;;;;;;;;;;;
;;;;;;;;;;;;;;;;;
;;;;;;;;;;;;;;;;;
;;;;;;;;;;;;;;;;;
;;;;;;;;;;;;;;;;;
;;;;;;;;;;;;;;;;;
;;;;;;;;;;;;;;;;;
;;;;;;;;;;;;;;;;;
;;;;;;;;;;;;;;;;;
;;;;;;;;;;;;;;;;;
;;;;;;;;;;;;;;;;;
;;;;;;;;;;;;;;;;;
;;;;;;;;;;;;;;;;;
;;;;;;;;;;;;;;;;;
;;;;;;;;;;;;;;;;;
;;;;;;;;;;;;;;;;;
;;;;;;;;;;;;;;;;;
;;;;;;;;;;;;;;;;;
;;;;;;;;;;;;;;;;;
;;;;;;;;;;;;;;;;;
;;;;;;;;;;;;;;;;;
;;;;;;;;;;;;;;;;;
;;;;;;;;;;;;;;;;;
;;;;;;;;;;;;;;;;;
;;;;;;;;;;;;;;;;;
;;;;;;;;;;;;;;;;;
;;;;;;;;;;;;;;;;;
;;;;;;;;;;;;;;;;;
;;;;;;;;;;;;;;;;;
;;;;;;;;;;;;;;;;;
;;;;;;;;;;;;;;;;;
;;;;;;;;;;;;;;;;;
;;;;;;;;;;;;;;;;;
;;;;;;;;;;;;;;;;;
;;;;;;;;;;;;;;;;;
;;;;;;;;;;;;;;;;;
;;;;;;;;;;;;;;;;;
;;;;;;;;;;;;;;;;;
;;;;;;;;;;;;;;;;;
;;;;;;;;;;;;;;;;;
;;;;;;;;;;;;;;;;;
;;;;;;;;;;;;;;;;;
;;;;;;;;;;;;;;;;;
;;;;;;;;;;;;;;;;;
;;;;;;;;;;;;;;;;;
;;;;;;;;;;;;;;;;;
;;;;;;;;;;;;;;;;;
;;;;;;;;;;;;;;;;;
;;;;;;;;;;;;;;;;;
;;;;;;;;;;;;;;;;;
;;;;;;;;;;;;;;;;;
;;;;;;;;;;;;;;;;;
;;;;;;;;;;;;;;;;;
;;;;;;;;;;;;;;;;;
;;;;;;;;;;;;;;;;;
;;;;;;;;;;;;;;;;;
;;;;;;;;;;;;;;;;;
;;;;;;;;;;;;;;;;;
;;;;;;;;;;;;;;;;;
;;;;;;;;;;;;;;;;;
;;;;;;;;;;;;;;;;;
;;;;;;;;;;;;;;;;;
;;;;;;;;;;;;;;;;;
;;;;;;;;;;;;;;;;;
;;;;;;;;;;;;;;;;;
;;;;;;;;;;;;;;;;;
;;;;;;;;;;;;;;;;;
;;;;;;;;;;;;;;;;;
;;;;;;;;;;;;;;;;;
;;;;;;;;;;;;;;;;;
;;;;;;;;;;;;;;;;;
;;;;;;;;;;;;;;;;;
;;;;;;;;;;;;;;;;;
;;;;;;;;;;;;;;;;;
;;;;;;;;;;;;;;;;;
;;;;;;;;;;;;;;;;;
;;;;;;;;;;;;;;;;;
;;;;;;;;;;;;;;;;;
;;;;;;;;;;;;;;;;;
;;;;;;;;;;;;;;;;;
;;;;;;;;;;;;;;;;;
;;;;;;;;;;;;;;;;;
;;;;;;;;;;;;;;;;;
;;;;;;;;;;;;;;;;;
;;;;;;;;;;;;;;;;;
;;;;;;;;;;;;;;;;;
;;;;;;;;;;;;;;;;;
;;;;;;;;;;;;;;;;;
;;;;;;;;;;;;;;;;;
;;;;;;;;;;;;;;;;;
;;;;;;;;;;;;;;;;;
;;;;;;;;;;;;;;;;;
;;;;;;;;;;;;;;;;;
;;;;;;;;;;;;;;;;;
;;;;;;;;;;;;;;;;;
;;;;;;;;;;;;;;;;;
;;;;;;;;;;;;;;;;;
;;;;;;;;;;;;;;;;;
;;;;;;;;;;;;;;;;;
;;;;;;;;;;;;;;;;;
;;;;;;;;;;;;;;;;;
;;;;;;;;;;;;;;;;;
;;;;;;;;;;;;;;;;;
;;;;;;;;;;;;;;;;;
;;;;;;;;;;;;;;;;;
;;;;;;;;;;;;;;;;;
;;;;;;;;;;;;;;;;;
;;;;;;;;;;;;;;;;;
;;;;;;;;;;;;;;;;;
;;;;;;;;;;;;;;;;;
;;;;;;;;;;;;;;;;;
;;;;;;;;;;;;;;;;;
;;;;;;;;;;;;;;;;;
;;;;;;;;;;;;;;;;;
;;;;;;;;;;;;;;;;;
;;;;;;;;;;;;;;;;;
;;;;;;;;;;;;;;;;;
;;;;;;;;;;;;;;;;;
;;;;;;;;;;;;;;;;;
;;;;;;;;;;;;;;;;;
;;;;;;;;;;;;;;;;;
;;;;;;;;;;;;;;;;;
;;;;;;;;;;;;;;;;;
;;;;;;;;;;;;;;;;;
;;;;;;;;;;;;;;;;;
;;;;;;;;;;;;;;;;;
;;;;;;;;;;;;;;;;;
;;;;;;;;;;;;;;;;;
;;;;;;;;;;;;;;;;;
;;;;;;;;;;;;;;;;;
;;;;;;;;;;;;;;;;;
;;;;;;;;;;;;;;;;;
;;;;;;;;;;;;;;;;;
;;;;;;;;;;;;;;;;;
;;;;;;;;;;;;;;;;;
;;;;;;;;;;;;;;;;;
;;;;;;;;;;;;;;;;;
;;;;;;;;;;;;;;;;;
;;;;;;;;;;;;;;;;;
;;;;;;;;;;;;;;;;;
;;;;;;;;;;;;;;;;;
;;;;;;;;;;;;;;;;;
;;;;;;;;;;;;;;;;;
;;;;;;;;;;;;;;;;;
;;;;;;;;;;;;;;;;;
;;;;;;;;;;;;;;;;;
;;;;;;;;;;;;;;;;;
;;;;;;;;;;;;;;;;;
;;;;;;;;;;;;;;;;;
;;;;;;;;;;;;;;;;;
;;;;;;;;;;;;;;;;;
;;;;;;;;;;;;;;;;;
;;;;;;;;;;;;;;;;;
;;;;;;;;;;;;;;;;;
;;;;;;;;;;;;;;;;;
;;;;;;;;;;;;;;;;;
;;;;;;;;;;;;;;;;;
;;;;;;;;;;;;;;;;;
;;;;;;;;;;;;;;;;;
;;;;;;;;;;;;;;;;;
;;;;;;;;;;;;;;;;;
;;;;;;;;;;;;;;;;;
;;;;;;;;;;;;;;;;;
;;;;;;;;;;;;;;;;;
;;;;;;;;;;;;;;;;;
;;;;;;;;;;;;;;;;;
;;;;;;;;;;;;;;;;;
;;;;;;;;;;;;;;;;;
;;;;;;;;;;;;;;;;;
;;;;;;;;;;;;;;;;;
;;;;;;;;;;;;;;;;;
;;;;;;;;;;;;;;;;;
;;;;;;;;;;;;;;;;;
;;;;;;;;;;;;;;;;;
;;;;;;;;;;;;;;;;;
;;;;;;;;;;;;;;;;;
;;;;;;;;;;;;;;;;;
;;;;;;;;;;;;;;;;;
;;;;;;;;;;;;;;;;;
;;;;;;;;;;;;;;;;;
;;;;;;;;;;;;;;;;;
;;;;;;;;;;;;;;;;;
;;;;;;;;;;;;;;;;;
;;;;;;;;;;;;;;;;;
;;;;;;;;;;;;;;;;;
;;;;;;;;;;;;;;;;;
;;;;;;;;;;;;;;;;;
;;;;;;;;;;;;;;;;;
;;;;;;;;;;;;;;;;;
;;;;;;;;;;;;;;;;;
;;;;;;;;;;;;;;;;;
;;;;;;;;;;;;;;;;;
;;;;;;;;;;;;;;;;;
;;;;;;;;;;;;;;;;;
;;;;;;;;;;;;;;;;;
;;;;;;;;;;;;;;;;;
;;;;;;;;;;;;;;;;;
;;;;;;;;;;;;;;;;;
;;;;;;;;;;;;;;;;;
;;;;;;;;;;;;;;;;;
;;;;;;;;;;;;;;;;;
;;;;;;;;;;;;;;;;;
;;;;;;;;;;;;;;;;;
;;;;;;;;;;;;;;;;;
;;;;;;;;;;;;;;;;;
;;;;;;;;;;;;;;;;;
;;;;;;;;;;;;;;;;;
;;;;;;;;;;;;;;;;;
;;;;;;;;;;;;;;;;;
;;;;;;;;;;;;;;;;;
;;;;;;;;;;;;;;;;;
;;;;;;;;;;;;;;;;;
;;;;;;;;;;;;;;;;;
;;;;;;;;;;;;;;;;;
;;;;;;;;;;;;;;;;;
;;;;;;;;;;;;;;;;;
;;;;;;;;;;;;;;;;;
;;;;;;;;;;;;;;;;;
;;;;;;;;;;;;;;;;;
;;;;;;;;;;;;;;;;;
;;;;;;;;;;;;;;;;;
;;;;;;;;;;;;;;;;;
;;;;;;;;;;;;;;;;;
;;;;;;;;;;;;;;;;;
;;;;;;;;;;;;;;;;;
;;;;;;;;;;;;;;;;;
;;;;;;;;;;;;;;;;;
;;;;;;;;;;;;;;;;;
;;;;;;;;;;;;;;;;;
;;;;;;;;;;;;;;;;;
;;;;;;;;;;;;;;;;;
;;;;;;;;;;;;;;;;;
;;;;;;;;;;;;;;;;;
;;;;;;;;;;;;;;;;;
;;;;;;;;;;;;;;;;;
;;;;;;;;;;;;;;;;;
;;;;;;;;;;;;;;;;;
;;;;;;;;;;;;;;;;;
;;;;;;;;;;;;;;;;;
;;;;;;;;;;;;;;;;;
;;;;;;;;;;;;;;;;;
;;;;;;;;;;;;;;;;;
;;;;;;;;;;;;;;;;;
;;;;;;;;;;;;;;;;;
;;;;;;;;;;;;;;;;;
;;;;;;;;;;;;;;;;;
;;;;;;;;;;;;;;;;;
;;;;;;;;;;;;;;;;;
;;;;;;;;;;;;;;;;;
;;;;;;;;;;;;;;;;;
;;;;;;;;;;;;;;;;;
;;;;;;;;;;;;;;;;;
;;;;;;;;;;;;;;;;;
;;;;;;;;;;;;;;;;;
;;;;;;;;;;;;;;;;;
;;;;;;;;;;;;;;;;;
;;;;;;;;;;;;;;;;;
;;;;;;;;;;;;;;;;;
;;;;;;;;;;;;;;;;;
;;;;;;;;;;;;;;;;;
;;;;;;;;;;;;;;;;;
;;;;;;;;;;;;;;;;;
;;;;;;;;;;;;;;;;;
;;;;;;;;;;;;;;;;;
;;;;;;;;;;;;;;;;;
;;;;;;;;;;;;;;;;;
;;;;;;;;;;;;;;;;;
;;;;;;;;;;;;;;;;;
;;;;;;;;;;;;;;;;;
;;;;;;;;;;;;;;;;;
;;;;;;;;;;;;;;;;;
;;;;;;;;;;;;;;;;;
;;;;;;;;;;;;;;;;;
;;;;;;;;;;;;;;;;;
;;;;;;;;;;;;;;;;;
;;;;;;;;;;;;;;;;;
;;;;;;;;;;;;;;;;;
;;;;;;;;;;;;;;;;;
;;;;;;;;;;;;;;;;;
;;;;;;;;;;;;;;;;;
;;;;;;;;;;;;;;;;;
;;;;;;;;;;;;;;;;;
;;;;;;;;;;;;;;;;;
;;;;;;;;;;;;;;;;;
;;;;;;;;;;;;;;;;;
;;;;;;;;;;;;;;;;;
;;;;;;;;;;;;;;;;;
;;;;;;;;;;;;;;;;;
;;;;;;;;;;;;;;;;;
;;;;;;;;;;;;;;;;;
;;;;;;;;;;;;;;;;;
;;;;;;;;;;;;;;;;;
;;;;;;;;;;;;;;;;;
;;;;;;;;;;;;;;;;;
;;;;;;;;;;;;;;;;;
;;;;;;;;;;;;;;;;;
;;;;;;;;;;;;;;;;;
;;;;;;;;;;;;;;;;;
;;;;;;;;;;;;;;;;;
;;;;;;;;;;;;;;;;;
;;;;;;;;;;;;;;;;;
;;;;;;;;;;;;;;;;;
;;;;;;;;;;;;;;;;;
;;;;;;;;;;;;;;;;;
;;;;;;;;;;;;;;;;;
;;;;;;;;;;;;;;;;;
;;;;;;;;;;;;;;;;;
;;;;;;;;;;;;;;;;;
;;;;;;;;;;;;;;;;;
;;;;;;;;;;;;;;;;;
;;;;;;;;;;;;;;;;;
;;;;;;;;;;;;;;;;;
;;;;;;;;;;;;;;;;;
;;;;;;;;;;;;;;;;;
;;;;;;;;;;;;;;;;;
;;;;;;;;;;;;;;;;;
;;;;;;;;;;;;;;;;;
;;;;;;;;;;;;;;;;;
;;;;;;;;;;;;;;;;;
;;;;;;;;;;;;;;;;;
;;;;;;;;;;;;;;;;;
;;;;;;;;;;;;;;;;;
;;;;;;;;;;;;;;;;;
;;;;;;;;;;;;;;;;;
;;;;;;;;;;;;;;;;;
;;;;;;;;;;;;;;;;;
;;;;;;;;;;;;;;;;;
;;;;;;;;;;;;;;;;;
;;;;;;;;;;;;;;;;;
;;;;;;;;;;;;;;;;;
;;;;;;;;;;;;;;;;;
;;;;;;;;;;;;;;;;;
;;;;;;;;;;;;;;;;;
;;;;;;;;;;;;;;;;;
;;;;;;;;;;;;;;;;;
;;;;;;;;;;;;;;;;;
;;;;;;;;;;;;;;;;;
;;;;;;;;;;;;;;;;;
;;;;;;;;;;;;;;;;;
;;;;;;;;;;;;;;;;;
;;;;;;;;;;;;;;;;;
;;;;;;;;;;;;;;;;;
;;;;;;;;;;;;;;;;;
;;;;;;;;;;;;;;;;;
;;;;;;;;;;;;;;;;;
;;;;;;;;;;;;;;;;;
;;;;;;;;;;;;;;;;;
;;;;;;;;;;;;;;;;;
;;;;;;;;;;;;;;;;;
;;;;;;;;;;;;;;;;;
;;;;;;;;;;;;;;;;;
;;;;;;;;;;;;;;;;;
;;;;;;;;;;;;;;;;;
;;;;;;;;;;;;;;;;;
;;;;;;;;;;;;;;;;;
;;;;;;;;;;;;;;;;;
;;;;;;;;;;;;;;;;;
;;;;;;;;;;;;;;;;;
;;;;;;;;;;;;;;;;;
;;;;;;;;;;;;;;;;;
;;;;;;;;;;;;;;;;;
;;;;;;;;;;;;;;;;;
;;;;;;;;;;;;;;;;;
;;;;;;;;;;;;;;;;;
;;;;;;;;;;;;;;;;;
;;;;;;;;;;;;;;;;;
;;;;;;;;;;;;;;;;;
;;;;;;;;;;;;;;;;;
;;;;;;;;;;;;;;;;;
;;;;;;;;;;;;;;;;;
;;;;;;;;;;;;;;;;;
;;;;;;;;;;;;;;;;;
;;;;;;;;;;;;;;;;;
;;;;;;;;;;;;;;;;;
;;;;;;;;;;;;;;;;;
;;;;;;;;;;;;;;;;;
;;;;;;;;;;;;;;;;;
;;;;;;;;;;;;;;;;;
;;;;;;;;;;;;;;;;;
;;;;;;;;;;;;;;;;;
;;;;;;;;;;;;;;;;;
;;;;;;;;;;;;;;;;;
;;;;;;;;;;;;;;;;;
;;;;;;;;;;;;;;;;;
;;;;;;;;;;;;;;;;;
;;;;;;;;;;;;;;;;;
;;;;;;;;;;;;;;;;;
;;;;;;;;;;;;;;;;;
;;;;;;;;;;;;;;;;;
;;;;;;;;;;;;;;;;;
;;;;;;;;;;;;;;;;;
;;;;;;;;;;;;;;;;;
;;;;;;;;;;;;;;;;;
;;;;;;;;;;;;;;;;;
;;;;;;;;;;;;;;;;;
;;;;;;;;;;;;;;;;;
;;;;;;;;;;;;;;;;;
;;;;;;;;;;;;;;;;;
;;;;;;;;;;;;;;;;;
;;;;;;;;;;;;;;;;;
;;;;;;;;;;;;;;;;;
;;;;;;;;;;;;;;;;;
;;;;;;;;;;;;;;;;;
;;;;;;;;;;;;;;;;;
;;;;;;;;;;;;;;;;;
;;;;;;;;;;;;;;;;;
;;;;;;;;;;;;;;;;;
;;;;;;;;;;;;;;;;;
;;;;;;;;;;;;;;;;;
;;;;;;;;;;;;;;;;;
;;;;;;;;;;;;;;;;;
;;;;;;;;;;;;;;;;;
;;;;;;;;;;;;;;;;;
;;;;;;;;;;;;;;;;;
;;;;;;;;;;;;;;;;;
;;;;;;;;;;;;;;;;;
;;;;;;;;;;;;;;;;;
;;;;;;;;;;;;;;;;;
;;;;;;;;;;;;;;;;;
;;;;;;;;;;;;;;;;;
;;;;;;;;;;;;;;;;;
;;;;;;;;;;;;;;;;;
;;;;;;;;;;;;;;;;;
;;;;;;;;;;;;;;;;;
;;;;;;;;;;;;;;;;;
;;;;;;;;;;;;;;;;;
;;;;;;;;;;;;;;;;;
;;;;;;;;;;;;;;;;;
;;;;;;;;;;;;;;;;;
;;;;;;;;;;;;;;;;;
;;;;;;;;;;;;;;;;;
;;;;;;;;;;;;;;;;;
;;;;;;;;;;;;;;;;;
;;;;;;;;;;;;;;;;;
;;;;;;;;;;;;;;;;;
;;;;;;;;;;;;;;;;;
;;;;;;;;;;;;;;;;;
;;;;;;;;;;;;;;;;;
;;;;;;;;;;;;;;;;;
;;;;;;;;;;;;;;;;;
;;;;;;;;;;;;;;;;;
;;;;;;;;;;;;;;;;;
;;;;;;;;;;;;;;;;;
;;;;;;;;;;;;;;;;;
;;;;;;;;;;;;;;;;;
;;;;;;;;;;;;;;;;;
;;;;;;;;;;;;;;;;;
;;;;;;;;;;;;;;;;;
;;;;;;;;;;;;;;;;;
;;;;;;;;;;;;;;;;;
;;;;;;;;;;;;;;;;;
;;;;;;;;;;;;;;;;;
;;;;;;;;;;;;;;;;;
;;;;;;;;;;;;;;;;;
;;;;;;;;;;;;;;;;;
;;;;;;;;;;;;;;;;;
;;;;;;;;;;;;;;;;;
;;;;;;;;;;;;;;;;;
;;;;;;;;;;;;;;;;;
;;;;;;;;;;;;;;;;;
;;;;;;;;;;;;;;;;;
;;;;;;;;;;;;;;;;;
;;;;;;;;;;;;;;;;;
;;;;;;;;;;;;;;;;;
;;;;;;;;;;;;;;;;;
;;;;;;;;;;;;;;;;;
;;;;;;;;;;;;;;;;;
;;;;;;;;;;;;;;;;;
;;;;;;;;;;;;;;;;;
;;;;;;;;;;;;;;;;;
;;;;;;;;;;;;;;;;;
;;;;;;;;;;;;;;;;;
;;;;;;;;;;;;;;;;;
;;;;;;;;;;;;;;;;;
;;;;;;;;;;;;;;;;;
;;;;;;;;;;;;;;;;;
;;;;;;;;;;;;;;;;;
;;;;;;;;;;;;;;;;;
;;;;;;;;;;;;;;;;;
;;;;;;;;;;;;;;;;;
;;;;;;;;;;;;;;;;;
;;;;;;;;;;;;;;;;;
;;;;;;;;;;;;;;;;;
;;;;;;;;;;;;;;;;;
;;;;;;;;;;;;;;;;;
;;;;;;;;;;;;;;;;;
;;;;;;;;;;;;;;;;;
;;;;;;;;;;;;;;;;;
;;;;;;;;;;;;;;;;;
;;;;;;;;;;;;;;;;;
;;;;;;;;;;;;;;;;;
;;;;;;;;;;;;;;;;;
;;;;;;;;;;;;;;;;;
;;;;;;;;;;;;;;;;;
;;;;;;;;;;;;;;;;;
;;;;;;;;;;;;;;;;;
;;;;;;;;;;;;;;;;;
;;;;;;;;;;;;;;;;;
;;;;;;;;;;;;;;;;;
;;;;;;;;;;;;;;;;;
;;;;;;;;;;;;;;;;;
;;;;;;;;;;;;;;;;;
;;;;;;;;;;;;;;;;;
;;;;;;;;;;;;;;;;;
;;;;;;;;;;;;;;;;;
;;;;;;;;;;;;;;;;;
;;;;;;;;;;;;;;;;;
;;;;;;;;;;;;;;;;;
;;;;;;;;;;;;;;;;;
;;;;;;;;;;;;;;;;;
;;;;;;;;;;;;;;;;;
;;;;;;;;;;;;;;;;;
;;;;;;;;;;;;;;;;;
;;;;;;;;;;;;;;;;;
;;;;;;;;;;;;;;;;;
;;;;;;;;;;;;;;;;;
;;;;;;;;;;;;;;;;;
;;;;;;;;;;;;;;;;;
;;;;;;;;;;;;;;;;;
;;;;;;;;;;;;;;;;;
;;;;;;;;;;;;;;;;;
;;;;;;;;;;;;;;;;;
;;;;;;;;;;;;;;;;;
;;;;;;;;;;;;;;;;;
;;;;;;;;;;;;;;;;;
;;;;;;;;;;;;;;;;;
;;;;;;;;;;;;;;;;;
;;;;;;;;;;;;;;;;;
;;;;;;;;;;;;;;;;;
;;;;;;;;;;;;;;;;;
;;;;;;;;;;;;;;;;;
;;;;;;;;;;;;;;;;;
;;;;;;;;;;;;;;;;;
;;;;;;;;;;;;;;;;;
;;;;;;;;;;;;;;;;;
;;;;;;;;;;;;;;;;;
;;;;;;;;;;;;;;;;;
;;;;;;;;;;;;;;;;;
;;;;;;;;;;;;;;;;;
;;;;;;;;;;;;;;;;;
;;;;;;;;;;;;;;;;;
;;;;;;;;;;;;;;;;;
;;;;;;;;;;;;;;;;;
;;;;;;;;;;;;;;;;;
;;;;;;;;;;;;;;;;;
;;;;;;;;;;;;;;;;;
;;;;;;;;;;;;;;;;;
;;;;;;;;;;;;;;;;;
;;;;;;;;;;;;;;;;;
;;;;;;;;;;;;;;;;;
;;;;;;;;;;;;;;;;;
;;;;;;;;;;;;;;;;;
;;;;;;;;;;;;;;;;;
;;;;;;;;;;;;;;;;;
;;;;;;;;;;;;;;;;;
;;;;;;;;;;;;;;;;;
;;;;;;;;;;;;;;;;;
;;;;;;;;;;;;;;;;;
;;;;;;;;;;;;;;;;;
;;;;;;;;;;;;;;;;;
;;;;;;;;;;;;;;;;;
;;;;;;;;;;;;;;;;;
;;;;;;;;;;;;;;;;;
;;;;;;;;;;;;;;;;;
;;;;;;;;;;;;;;;;;
;;;;;;;;;;;;;;;;;
;;;;;;;;;;;;;;;;;
;;;;;;;;;;;;;;;;;
;;;;;;;;;;;;;;;;;
;;;;;;;;;;;;;;;;;
;;;;;;;;;;;;;;;;;
;;;;;;;;;;;;;;;;;
;;;;;;;;;;;;;;;;;
;;;;;;;;;;;;;;;;;
;;;;;;;;;;;;;;;;;
;;;;;;;;;;;;;;;;;
;;;;;;;;;;;;;;;;;
;;;;;;;;;;;;;;;;;
;;;;;;;;;;;;;;;;;
;;;;;;;;;;;;;;;;;
;;;;;;;;;;;;;;;;;
;;;;;;;;;;;;;;;;;
;;;;;;;;;;;;;;;;;
;;;;;;;;;;;;;;;;;
;;;;;;;;;;;;;;;;;
;;;;;;;;;;;;;;;;;
;;;;;;;;;;;;;;;;;
;;;;;;;;;;;;;;;;;
;;;;;;;;;;;;;;;;;
;;;;;;;;;;;;;;;;;
;;;;;;;;;;;;;;;;;
;;;;;;;;;;;;;;;;;
;;;;;;;;;;;;;;;;;
;;;;;;;;;;;;;;;;;
;;;;;;;;;;;;;;;;;
;;;;;;;;;;;;;;;;;
;;;;;;;;;;;;;;;;;
;;;;;;;;;;;;;;;;;
;;;;;;;;;;;;;;;;;
;;;;;;;;;;;;;;;;;
;;;;;;;;;;;;;;;;;
;;;;;;;;;;;;;;;;;
;;;;;;;;;;;;;;;;;
;;;;;;;;;;;;;;;;;
;;;;;;;;;;;;;;;;;
;;;;;;;;;;;;;;;;;
;;;;;;;;;;;;;;;;;
;;;;;;;;;;;;;;;;;
;;;;;;;;;;;;;;;;;
;;;;;;;;;;;;;;;;;
;;;;;;;;;;;;;;;;;
;;;;;;;;;;;;;;;;;
;;;;;;;;;;;;;;;;;
;;;;;;;;;;;;;;;;;
;;;;;;;;;;;;;;;;;
;;;;;;;;;;;;;;;;;
;;;;;;;;;;;;;;;;;
;;;;;;;;;;;;;;;;;
;;;;;;;;;;;;;;;;;
;;;;;;;;;;;;;;;;;
;;;;;;;;;;;;;;;;;
;;;;;;;;;;;;;;;;;
;;;;;;;;;;;;;;;;;
;;;;;;;;;;;;;;;;;
;;;;;;;;;;;;;;;;;
;;;;;;;;;;;;;;;;;
;;;;;;;;;;;;;;;;;
;;;;;;;;;;;;;;;;;
;;;;;;;;;;;;;;;;;
;;;;;;;;;;;;;;;;;
;;;;;;;;;;;;;;;;;
;;;;;;;;;;;;;;;;;
;;;;;;;;;;;;;;;;;
;;;;;;;;;;;;;;;;;
;;;;;;;;;;;;;;;;;
;;;;;;;;;;;;;;;;;
;;;;;;;;;;;;;;;;;
;;;;;;;;;;;;;;;;;
;;;;;;;;;;;;;;;;;
;;;;;;;;;;;;;;;;;
;;;;;;;;;;;;;;;;;
;;;;;;;;;;;;;;;;;
;;;;;;;;;;;;;;;;;
;;;;;;;;;;;;;;;;;
;;;;;;;;;;;;;;;;;
;;;;;;;;;;;;;;;;;
;;;;;;;;;;;;;;;;;
;;;;;;;;;;;;;;;;;
;;;;;;;;;;;;;;;;;
;;;;;;;;;;;;;;;;;
;;;;;;;;;;;;;;;;;
;;;;;;;;;;;;;;;;;
;;;;;;;;;;;;;;;;;
;;;;;;;;;;;;;;;;;
;;;;;;;;;;;;;;;;;
;;;;;;;;;;;;;;;;;
;;;;;;;;;;;;;;;;;
;;;;;;;;;;;;;;;;;
;;;;;;;;;;;;;;;;;
;;;;;;;;;;;;;;;;;
;;;;;;;;;;;;;;;;;
;;;;;;;;;;;;;;;;;
;;;;;;;;;;;;;;;;;
;;;;;;;;;;;;;;;;;
;;;;;;;;;;;;;;;;;
;;;;;;;;;;;;;;;;;
;;;;;;;;;;;;;;;;;
;;;;;;;;;;;;;;;;;
;;;;;;;;;;;;;;;;;
;;;;;;;;;;;;;;;;;
;;;;;;;;;;;;;;;;;
;;;;;;;;;;;;;;;;;
;;;;;;;;;;;;;;;;;
;;;;;;;;;;;;;;;;;
;;;;;;;;;;;;;;;;;
;;;;;;;;;;;;;;;;;
;;;;;;;;;;;;;;;;;
;;;;;;;;;;;;;;;;;
;;;;;;;;;;;;;;;;;
;;;;;;;;;;;;;;;;;
;;;;;;;;;;;;;;;;;
;;;;;;;;;;;;;;;;;
;;;;;;;;;;;;;;;;;
;;;;;;;;;;;;;;;;;
;;;;;;;;;;;;;;;;;
;;;;;;;;;;;;;;;;;
;;;;;;;;;;;;;;;;;
;;;;;;;;;;;;;;;;;
;;;;;;;;;;;;;;;;;
;;;;;;;;;;;;;;;;;
;;;;;;;;;;;;;;;;;
;;;;;;;;;;;;;;;;;
;;;;;;;;;;;;;;;;;
;;;;;;;;;;;;;;;;;
;;;;;;;;;;;;;;;;;
;;;;;;;;;;;;;;;;;
;;;;;;;;;;;;;;;;;
;;;;;;;;;;;;;;;;;
;;;;;;;;;;;;;;;;;
;;;;;;;;;;;;;;;;;
;;;;;;;;;;;;;;;;;
;;;;;;;;;;;;;;;;;
;;;;;;;;;;;;;;;;;
;;;;;;;;;;;;;;;;;
;;;;;;;;;;;;;;;;;
;;;;;;;;;;;;;;;;;
;;;;;;;;;;;;;;;;;
;;;;;;;;;;;;;;;;;
;;;;;;;;;;;;;;;;;
;;;;;;;;;;;;;;;;;
;;;;;;;;;;;;;;;;;
;;;;;;;;;;;;;;;;;
;;;;;;;;;;;;;;;;;
;;;;;;;;;;;;;;;;;
;;;;;;;;;;;;;;;;;
;;;;;;;;;;;;;;;;;
;;;;;;;;;;;;;;;;;
;;;;;;;;;;;;;;;;;
;;;;;;;;;;;;;;;;;
;;;;;;;;;;;;;;;;;
;;;;;;;;;;;;;;;;;
;;;;;;;;;;;;;;;;;
;;;;;;;;;;;;;;;;;
;;;;;;;;;;;;;;;;;
;;;;;;;;;;;;;;;;;
;;;;;;;;;;;;;;;;;
;;;;;;;;;;;;;;;;;
;;;;;;;;;;;;;;;;;
;;;;;;;;;;;;;;;;;
;;;;;;;;;;;;;;;;;
;;;;;;;;;;;;;;;;;
;;;;;;;;;;;;;;;;;
;;;;;;;;;;;;;;;;;
;;;;;;;;;;;;;;;;;
;;;;;;;;;;;;;;;;;
;;;;;;;;;;;;;;;;;
;;;;;;;;;;;;;;;;;
;;;;;;;;;;;;;;;;;
;;;;;;;;;;;;;;;;;
;;;;;;;;;;;;;;;;;
;;;;;;;;;;;;;;;;;
;;;;;;;;;;;;;;;;;
;;;;;;;;;;;;;;;;;
;;;;;;;;;;;;;;;;;
;;;;;;;;;;;;;;;;;
;;;;;;;;;;;;;;;;;
;;;;;;;;;;;;;;;;;
;;;;;;;;;;;;;;;;;
;;;;;;;;;;;;;;;;;
;;;;;;;;;;;;;;;;;
;;;;;;;;;;;;;;;;;
;;;;;;;;;;;;;;;;;
;;;;;;;;;;;;;;;;;
;;;;;;;;;;;;;;;;;
;;;;;;;;;;;;;;;;;
;;;;;;;;;;;;;;;;;
;;;;;;;;;;;;;;;;;
;;;;;;;;;;;;;;;;;
;;;;;;;;;;;;;;;;;
;;;;;;;;;;;;;;;;;
;;;;;;;;;;;;;;;;;
;;;;;;;;;;;;;;;;;
;;;;;;;;;;;;;;;;;
;;;;;;;;;;;;;;;;;
;;;;;;;;;;;;;;;;;
;;;;;;;;;;;;;;;;;
;;;;;;;;;;;;;;;;;
;;;;;;;;;;;;;;;;;
;;;;;;;;;;;;;;;;;
;;;;;;;;;;;;;;;;;
;;;;;;;;;;;;;;;;;
;;;;;;;;;;;;;;;;;
;;;;;;;;;;;;;;;;;
;;;;;;;;;;;;;;;;;
;;;;;;;;;;;;;;;;;
;;;;;;;;;;;;;;;;;
;;;;;;;;;;;;;;;;;
;;;;;;;;;;;;;;;;;
;;;;;;;;;;;;;;;;;
;;;;;;;;;;;;;;;;;
;;;;;;;;;;;;;;;;;
;;;;;;;;;;;;;;;;;
;;;;;;;;;;;;;;;;;
;;;;;;;;;;;;;;;;;
;;;;;;;;;;;;;;;;;
;;;;;;;;;;;;;;;;;
;;;;;;;;;;;;;;;;;
;;;;;;;;;;;;;;;;;
;;;;;;;;;;;;;;;;;
;;;;;;;;;;;;;;;;;
;;;;;;;;;;;;;;;;;
;;;;;;;;;;;;;;;;;
;;;;;;;;;;;;;;;;;
;;;;;;;;;;;;;;;;;
;;;;;;;;;;;;;;;;;
;;;;;;;;;;;;;;;;;
;;;;;;;;;;;;;;;;;
;;;;;;;;;;;;;;;;;
;;;;;;;;;;;;;;;;;
;;;;;;;;;;;;;;;;;
;;;;;;;;;;;;;;;;;
;;;;;;;;;;;;;;;;;
;;;;;;;;;;;;;;;;;
;;;;;;;;;;;;;;;;;
;;;;;;;;;;;;;;;;;
;;;;;;;;;;;;;;;;;
;;;;;;;;;;;;;;;;;
;;;;;;;;;;;;;;;;;
;;;;;;;;;;;;;;;;;
;;;;;;;;;;;;;;;;;
;;;;;;;;;;;;;;;;;
;;;;;;;;;;;;;;;;;
;;;;;;;;;;;;;;;;;
;;;;;;;;;;;;;;;;;
;;;;;;;;;;;;;;;;;
;;;;;;;;;;;;;;;;;
;;;;;;;;;;;;;;;;;
;;;;;;;;;;;;;;;;;
;;;;;;;;;;;;;;;;;
;;;;;;;;;;;;;;;;;
;;;;;;;;;;;;;;;;;
;;;;;;;;;;;;;;;;;
;;;;;;;;;;;;;;;;;
;;;;;;;;;;;;;;;;;
;;;;;;;;;;;;;;;;;
;;;;;;;;;;;;;;;;;
;;;;;;;;;;;;;;;;;
;;;;;;;;;;;;;;;;;
;;;;;;;;;;;;;;;;;
;;;;;;;;;;;;;;;;;
;;;;;;;;;;;;;;;;;
;;;;;;;;;;;;;;;;;
;;;;;;;;;;;;;;;;;
;;;;;;;;;;;;;;;;;
;;;;;;;;;;;;;;;;;
;;;;;;;;;;;;;;;;;
;;;;;;;;;;;;;;;;;
;;;;;;;;;;;;;;;;;
;;;;;;;;;;;;;;;;;
;;;;;;;;;;;;;;;;;
;;;;;;;;;;;;;;;;;
;;;;;;;;;;;;;;;;;
;;;;;;;;;;;;;;;;;
;;;;;;;;;;;;;;;;;
;;;;;;;;;;;;;;;;;
;;;;;;;;;;;;;;;;;
;;;;;;;;;;;;;;;;;
;;;;;;;;;;;;;;;;;
;;;;;;;;;;;;;;;;;
;;;;;;;;;;;;;;;;;
;;;;;;;;;;;;;;;;;
;;;;;;;;;;;;;;;;;
;;;;;;;;;;;;;;;;;
;;;;;;;;;;;;;;;;;
;;;;;;;;;;;;;;;;;
;;;;;;;;;;;;;;;;;
;;;;;;;;;;;;;;;;;
;;;;;;;;;;;;;;;;;
;;;;;;;;;;;;;;;;;
;;;;;;;;;;;;;;;;;
;;;;;;;;;;;;;;;;;
;;;;;;;;;;;;;;;;;
;;;;;;;;;;;;;;;;;
;;;;;;;;;;;;;;;;;
;;;;;;;;;;;;;;;;;
;;;;;;;;;;;;;;;;;
;;;;;;;;;;;;;;;;;
;;;;;;;;;;;;;;;;;
;;;;;;;;;;;;;;;;;
;;;;;;;;;;;;;;;;;
;;;;;;;;;;;;;;;;;
;;;;;;;;;;;;;;;;;
;;;;;;;;;;;;;;;;;
;;;;;;;;;;;;;;;;;
;;;;;;;;;;;;;;;;;
;;;;;;;;;;;;;;;;;
;;;;;;;;;;;;;;;;;
;;;;;;;;;;;;;;;;;
;;;;;;;;;;;;;;;;;
;;;;;;;;;;;;;;;;;
;;;;;;;;;;;;;;;;;
;;;;;;;;;;;;;;;;;
;;;;;;;;;;;;;;;;;
;;;;;;;;;;;;;;;;;
;;;;;;;;;;;;;;;;;
;;;;;;;;;;;;;;;;;
;;;;;;;;;;;;;;;;;
;;;;;;;;;;;;;;;;;
;;;;;;;;;;;;;;;;;
;;;;;;;;;;;;;;;;;
;;;;;;;;;;;;;;;;;
;;;;;;;;;;;;;;;;;
;;;;;;;;;;;;;;;;;
;;;;;;;;;;;;;;;;;
;;;;;;;;;;;;;;;;;
;;;;;;;;;;;;;;;;;
;;;;;;;;;;;;;;;;;
;;;;;;;;;;;;;;;;;
;;;;;;;;;;;;;;;;;
;;;;;;;;;;;;;;;;;
;;;;;;;;;;;;;;;;;
;;;;;;;;;;;;;;;;;
;;;;;;;;;;;;;;;;;
;;;;;;;;;;;;;;;;;
;;;;;;;;;;;;;;;;;
;;;;;;;;;;;;;;;;;
;;;;;;;;;;;;;;;;;
;;;;;;;;;;;;;;;;;
;;;;;;;;;;;;;;;;;
;;;;;;;;;;;;;;;;;
;;;;;;;;;;;;;;;;;
;;;;;;;;;;;;;;;;;
;;;;;;;;;;;;;;;;;
;;;;;;;;;;;;;;;;;
;;;;;;;;;;;;;;;;;
;;;;;;;;;;;;;;;;;
;;;;;;;;;;;;;;;;;
;;;;;;;;;;;;;;;;;
;;;;;;;;;;;;;;;;;
;;;;;;;;;;;;;;;;;
;;;;;;;;;;;;;;;;;
;;;;;;;;;;;;;;;;;
;;;;;;;;;;;;;;;;;
;;;;;;;;;;;;;;;;;
;;;;;;;;;;;;;;;;;
;;;;;;;;;;;;;;;;;
;;;;;;;;;;;;;;;;;
;;;;;;;;;;;;;;;;;
;;;;;;;;;;;;;;;;;
;;;;;;;;;;;;;;;;;
;;;;;;;;;;;;;;;;;
;;;;;;;;;;;;;;;;;
;;;;;;;;;;;;;;;;;
;;;;;;;;;;;;;;;;;
;;;;;;;;;;;;;;;;;
;;;;;;;;;;;;;;;;;
;;;;;;;;;;;;;;;;;
;;;;;;;;;;;;;;;;;
;;;;;;;;;;;;;;;;;
;;;;;;;;;;;;;;;;;
;;;;;;;;;;;;;;;;;
;;;;;;;;;;;;;;;;;
;;;;;;;;;;;;;;;;;
;;;;;;;;;;;;;;;;;
;;;;;;;;;;;;;;;;;
;;;;;;;;;;;;;;;;;
;;;;;;;;;;;;;;;;;
;;;;;;;;;;;;;;;;;
;;;;;;;;;;;;;;;;;
;;;;;;;;;;;;;;;;;
;;;;;;;;;;;;;;;;;
;;;;;;;;;;;;;;;;;
;;;;;;;;;;;;;;;;;
;;;;;;;;;;;;;;;;;
;;;;;;;;;;;;;;;;;
;;;;;;;;;;;;;;;;;
;;;;;;;;;;;;;;;;;
;;;;;;;;;;;;;;;;;
;;;;;;;;;;;;;;;;;
;;;;;;;;;;;;;;;;;
;;;;;;;;;;;;;;;;;
;;;;;;;;;;;;;;;;;
;;;;;;;;;;;;;;;;;
;;;;;;;;;;;;;;;;;
;;;;;;;;;;;;;;;;;
;;;;;;;;;;;;;;;;;
;;;;;;;;;;;;;;;;;
;;;;;;;;;;;;;;;;;
;;;;;;;;;;;;;;;;;
;;;;;;;;;;;;;;;;;
;;;;;;;;;;;;;;;;;
;;;;;;;;;;;;;;;;;
;;;;;;;;;;;;;;;;;
;;;;;;;;;;;;;;;;;
;;;;;;;;;;;;;;;;;
;;;;;;;;;;;;;;;;;
;;;;;;;;;;;;;;;;;
;;;;;;;;;;;;;;;;;
;;;;;;;;;;;;;;;;;
;;;;;;;;;;;;;;;;;
;;;;;;;;;;;;;;;;;
;;;;;;;;;;;;;;;;;
;;;;;;;;;;;;;;;;;
;;;;;;;;;;;;;;;;;
;;;;;;;;;;;;;;;;;
;;;;;;;;;;;;;;;;;
;;;;;;;;;;;;;;;;;
;;;;;;;;;;;;;;;;;
;;;;;;;;;;;;;;;;;
;;;;;;;;;;;;;;;;;
;;;;;;;;;;;;;;;;;
;;;;;;;;;;;;;;;;;
;;;;;;;;;;;;;;;;;
;;;;;;;;;;;;;;;;;
;;;;;;;;;;;;;;;;;
;;;;;;;;;;;;;;;;;
;;;;;;;;;;;;;;;;;
;;;;;;;;;;;;;;;;;
;;;;;;;;;;;;;;;;;
;;;;;;;;;;;;;;;;;
;;;;;;;;;;;;;;;;;
;;;;;;;;;;;;;;;;;
;;;;;;;;;;;;;;;;;
;;;;;;;;;;;;;;;;;
;;;;;;;;;;;;;;;;;
;;;;;;;;;;;;;;;;;
;;;;;;;;;;;;;;;;;
;;;;;;;;;;;;;;;;;
;;;;;;;;;;;;;;;;;
;;;;;;;;;;;;;;;;;
;;;;;;;;;;;;;;;;;
;;;;;;;;;;;;;;;;;
;;;;;;;;;;;;;;;;;
;;;;;;;;;;;;;;;;;
;;;;;;;;;;;;;;;;;
;;;;;;;;;;;;;;;;;
;;;;;;;;;;;;;;;;;
;;;;;;;;;;;;;;;;;
;;;;;;;;;;;;;;;;;
;;;;;;;;;;;;;;;;;
;;;;;;;;;;;;;;;;;
;;;;;;;;;;;;;;;;;
;;;;;;;;;;;;;;;;;
;;;;;;;;;;;;;;;;;
;;;;;;;;;;;;;;;;;
;;;;;;;;;;;;;;;;;
;;;;;;;;;;;;;;;;;
;;;;;;;;;;;;;;;;;
;;;;;;;;;;;;;;;;;
;;;;;;;;;;;;;;;;;
;;;;;;;;;;;;;;;;;
;;;;;;;;;;;;;;;;;
;;;;;;;;;;;;;;;;;
;;;;;;;;;;;;;;;;;
;;;;;;;;;;;;;;;;;
;;;;;;;;;;;;;;;;;
;;;;;;;;;;;;;;;;;
;;;;;;;;;;;;;;;;;
;;;;;;;;;;;;;;;;;
;;;;;;;;;;;;;;;;;
;;;;;;;;;;;;;;;;;
;;;;;;;;;;;;;;;;;
;;;;;;;;;;;;;;;;;
;;;;;;;;;;;;;;;;;
;;;;;;;;;;;;;;;;;
;;;;;;;;;;;;;;;;;
;;;;;;;;;;;;;;;;;
;;;;;;;;;;;;;;;;;
;;;;;;;;;;;;;;;;;
;;;;;;;;;;;;;;;;;
;;;;;;;;;;;;;;;;;
;;;;;;;;;;;;;;;;;
;;;;;;;;;;;;;;;;;
;;;;;;;;;;;;;;;;;
;;;;;;;;;;;;;;;;;
;;;;;;;;;;;;;;;;;
;;;;;;;;;;;;;;;;;
;;;;;;;;;;;;;;;;;
;;;;;;;;;;;;;;;;;
;;;;;;;;;;;;;;;;;
;;;;;;;;;;;;;;;;;
;;;;;;;;;;;;;;;;;
;;;;;;;;;;;;;;;;;
;;;;;;;;;;;;;;;;;
;;;;;;;;;;;;;;;;;
;;;;;;;;;;;;;;;;;
;;;;;;;;;;;;;;;;;
;;;;;;;;;;;;;;;;;
;;;;;;;;;;;;;;;;;
;;;;;;;;;;;;;;;;;
;;;;;;;;;;;;;;;;;
;;;;;;;;;;;;;;;;;
;;;;;;;;;;;;;;;;;
;;;;;;;;;;;;;;;;;
;;;;;;;;;;;;;;;;;
;;;;;;;;;;;;;;;;;
;;;;;;;;;;;;;;;;;
;;;;;;;;;;;;;;;;;
;;;;;;;;;;;;;;;;;
;;;;;;;;;;;;;;;;;
;;;;;;;;;;;;;;;;;
;;;;;;;;;;;;;;;;;
;;;;;;;;;;;;;;;;;
;;;;;;;;;;;;;;;;;
;;;;;;;;;;;;;;;;;
;;;;;;;;;;;;;;;;;
;;;;;;;;;;;;;;;;;
;;;;;;;;;;;;;;;;;
;;;;;;;;;;;;;;;;;
;;;;;;;;;;;;;;;;;
;;;;;;;;;;;;;;;;;
;;;;;;;;;;;;;;;;;
;;;;;;;;;;;;;;;;;
;;;;;;;;;;;;;;;;;
;;;;;;;;;;;;;;;;;
;;;;;;;;;;;;;;;;;
;;;;;;;;;;;;;;;;;
;;;;;;;;;;;;;;;;;
;;;;;;;;;;;;;;;;;
;;;;;;;;;;;;;;;;;
;;;;;;;;;;;;;;;;;
;;;;;;;;;;;;;;;;;
;;;;;;;;;;;;;;;;;
;;;;;;;;;;;;;;;;;
;;;;;;;;;;;;;;;;;
;;;;;;;;;;;;;;;;;
;;;;;;;;;;;;;;;;;
;;;;;;;;;;;;;;;;;
;;;;;;;;;;;;;;;;;
;;;;;;;;;;;;;;;;;
;;;;;;;;;;;;;;;;;
;;;;;;;;;;;;;;;;;
;;;;;;;;;;;;;;;;;
;;;;;;;;;;;;;;;;;
;;;;;;;;;;;;;;;;;
;;;;;;;;;;;;;;;;;
;;;;;;;;;;;;;;;;;
;;;;;;;;;;;;;;;;;
;;;;;;;;;;;;;;;;;
;;;;;;;;;;;;;;;;;
;;;;;;;;;;;;;;;;;
;;;;;;;;;;;;;;;;;
;;;;;;;;;;;;;;;;;
;;;;;;;;;;;;;;;;;
;;;;;;;;;;;;;;;;;
;;;;;;;;;;;;;;;;;
;;;;;;;;;;;;;;;;;
;;;;;;;;;;;;;;;;;
;;;;;;;;;;;;;;;;;
;;;;;;;;;;;;;;;;;
;;;;;;;;;;;;;;;;;
;;;;;;;;;;;;;;;;;
;;;;;;;;;;;;;;;;;
;;;;;;;;;;;;;;;;;
;;;;;;;;;;;;;;;;;
;;;;;;;;;;;;;;;;;
;;;;;;;;;;;;;;;;;
;;;;;;;;;;;;;;;;;
;;;;;;;;;;;;;;;;;
;;;;;;;;;;;;;;;;;
;;;;;;;;;;;;;;;;;
;;;;;;;;;;;;;;;;;
;;;;;;;;;;;;;;;;;
;;;;;;;;;;;;;;;;;
;;;;;;;;;;;;;;;;;
;;;;;;;;;;;;;;;;;
;;;;;;;;;;;;;;;;;
;;;;;;;;;;;;;;;;;
;;;;;;;;;;;;;;;;;
;;;;;;;;;;;;;;;;;
;;;;;;;;;;;;;;;;;
;;;;;;;;;;;;;;;;;
;;;;;;;;;;;;;;;;;
;;;;;;;;;;;;;;;;;
;;;;;;;;;;;;;;;;;
;;;;;;;;;;;;;;;;;
;;;;;;;;;;;;;;;;;
;;;;;;;;;;;;;;;;;
;;;;;;;;;;;;;;;;;
;;;;;;;;;;;;;;;;;
;;;;;;;;;;;;;;;;;
;;;;;;;;;;;;;;;;;
;;;;;;;;;;;;;;;;;
;;;;;;;;;;;;;;;;;
;;;;;;;;;;;;;;;;;
;;;;;;;;;;;;;;;;;
;;;;;;;;;;;;;;;;;
;;;;;;;;;;;;;;;;;
;;;;;;;;;;;;;;;;;
;;;;;;;;;;;;;;;;;
;;;;;;;;;;;;;;;;;
;;;;;;;;;;;;;;;;;
;;;;;;;;;;;;;;;;;
;;;;;;;;;;;;;;;;;
;;;;;;;;;;;;;;;;;
;;;;;;;;;;;;;;;;;
;;;;;;;;;;;;;;;;;
;;;;;;;;;;;;;;;;;
;;;;;;;;;;;;;;;;;
;;;;;;;;;;;;;;;;;
;;;;;;;;;;;;;;;;;
;;;;;;;;;;;;;;;;;
;;;;;;;;;;;;;;;;;
;;;;;;;;;;;;;;;;;
;;;;;;;;;;;;;;;;;
;;;;;;;;;;;;;;;;;
;;;;;;;;;;;;;;;;;
;;;;;;;;;;;;;;;;;
;;;;;;;;;;;;;;;;;
;;;;;;;;;;;;;;;;;
;;;;;;;;;;;;;;;;;
;;;;;;;;;;;;;;;;;
;;;;;;;;;;;;;;;;;
;;;;;;;;;;;;;;;;;
;;;;;;;;;;;;;;;;;
;;;;;;;;;;;;;;;;;
;;;;;;;;;;;;;;;;;
;;;;;;;;;;;;;;;;;
;;;;;;;;;;;;;;;;;
;;;;;;;;;;;;;;;;;
;;;;;;;;;;;;;;;;;
;;;;;;;;;;;;;;;;;
;;;;;;;;;;;;;;;;;
;;;;;;;;;;;;;;;;;
;;;;;;;;;;;;;;;;;
;;;;;;;;;;;;;;;;;
;;;;;;;;;;;;;;;;;
;;;;;;;;;;;;;;;;;
;;;;;;;;;;;;;;;;;
;;;;;;;;;;;;;;;;;
;;;;;;;;;;;;;;;;;
;;;;;;;;;;;;;;;;;
;;;;;;;;;;;;;;;;;
;;;;;;;;;;;;;;;;;
;;;;;;;;;;;;;;;;;
;;;;;;;;;;;;;;;;;
;;;;;;;;;;;;;;;;;
;;;;;;;;;;;;;;;;;
;;;;;;;;;;;;;;;;;
;;;;;;;;;;;;;;;;;
;;;;;;;;;;;;;;;;;
;;;;;;;;;;;;;;;;;
;;;;;;;;;;;;;;;;;
;;;;;;;;;;;;;;;;;
;;;;;;;;;;;;;;;;;
;;;;;;;;;;;;;;;;;
;;;;;;;;;;;;;;;;;
;;;;;;;;;;;;;;;;;
;;;;;;;;;;;;;;;;;
;;;;;;;;;;;;;;;;;
;;;;;;;;;;;;;;;;;
;;;;;;;;;;;;;;;;;
;;;;;;;;;;;;;;;;;
;;;;;;;;;;;;;;;;;
;;;;;;;;;;;;;;;;;
;;;;;;;;;;;;;;;;;
;;;;;;;;;;;;;;;;;
;;;;;;;;;;;;;;;;;
;;;;;;;;;;;;;;;;;
;;;;;;;;;;;;;;;;;
;;;;;;;;;;;;;;;;;
;;;;;;;;;;;;;;;;;
;;;;;;;;;;;;;;;;;
;;;;;;;;;;;;;;;;;
;;;;;;;;;;;;;;;;;
;;;;;;;;;;;;;;;;;
;;;;;;;;;;;;;;;;;
;;;;;;;;;;;;;;;;;
;;;;;;;;;;;;;;;;;
;;;;;;;;;;;;;;;;;
;;;;;;;;;;;;;;;;;
;;;;;;;;;;;;;;;;;
;;;;;;;;;;;;;;;;;
;;;;;;;;;;;;;;;;;
;;;;;;;;;;;;;;;;;
;;;;;;;;;;;;;;;;;
;;;;;;;;;;;;;;;;;
;;;;;;;;;;;;;;;;;
;;;;;;;;;;;;;;;;;
;;;;;;;;;;;;;;;;;
;;;;;;;;;;;;;;;;;
;;;;;;;;;;;;;;;;;
;;;;;;;;;;;;;;;;;
;;;;;;;;;;;;;;;;;
;;;;;;;;;;;;;;;;;
;;;;;;;;;;;;;;;;;
;;;;;;;;;;;;;;;;;
;;;;;;;;;;;;;;;;;
;;;;;;;;;;;;;;;;;
;;;;;;;;;;;;;;;;;
;;;;;;;;;;;;;;;;;
;;;;;;;;;;;;;;;;;
;;;;;;;;;;;;;;;;;
;;;;;;;;;;;;;;;;;
;;;;;;;;;;;;;;;;;
;;;;;;;;;;;;;;;;;
;;;;;;;;;;;;;;;;;
;;;;;;;;;;;;;;;;;
;;;;;;;;;;;;;;;;;
;;;;;;;;;;;;;;;;;
;;;;;;;;;;;;;;;;;
;;;;;;;;;;;;;;;;;
;;;;;;;;;;;;;;;;;
;;;;;;;;;;;;;;;;;
;;;;;;;;;;;;;;;;;
;;;;;;;;;;;;;;;;;
;;;;;;;;;;;;;;;;;
;;;;;;;;;;;;;;;;;
;;;;;;;;;;;;;;;;;
;;;;;;;;;;;;;;;;;
;;;;;;;;;;;;;;;;;
;;;;;;;;;;;;;;;;;
;;;;;;;;;;;;;;;;;
;;;;;;;;;;;;;;;;;
;;;;;;;;;;;;;;;;;
;;;;;;;;;;;;;;;;;
;;;;;;;;;;;;;;;;;
;;;;;;;;;;;;;;;;;
;;;;;;;;;;;;;;;;;
;;;;;;;;;;;;;;;;;
;;;;;;;;;;;;;;;;;
;;;;;;;;;;;;;;;;;
;;;;;;;;;;;;;;;;;
;;;;;;;;;;;;;;;;;
;;;;;;;;;;;;;;;;;
;;;;;;;;;;;;;;;;;
;;;;;;;;;;;;;;;;;
;;;;;;;;;;;;;;;;;
;;;;;;;;;;;;;;;;;
;;;;;;;;;;;;;;;;;
;;;;;;;;;;;;;;;;;
;;;;;;;;;;;;;;;;;
;;;;;;;;;;;;;;;;;
;;;;;;;;;;;;;;;;;
;;;;;;;;;;;;;;;;;
;;;;;;;;;;;;;;;;;
;;;;;;;;;;;;;;;;;
;;;;;;;;;;;;;;;;;
;;;;;;;;;;;;;;;;;
;;;;;;;;;;;;;;;;;
;;;;;;;;;;;;;;;;;
;;;;;;;;;;;;;;;;;
;;;;;;;;;;;;;;;;;
;;;;;;;;;;;;;;;;;
;;;;;;;;;;;;;;;;;
;;;;;;;;;;;;;;;;;
;;;;;;;;;;;;;;;;;
;;;;;;;;;;;;;;;;;
;;;;;;;;;;;;;;;;;
;;;;;;;;;;;;;;;;;
;;;;;;;;;;;;;;;;;
;;;;;;;;;;;;;;;;;
;;;;;;;;;;;;;;;;;
;;;;;;;;;;;;;;;;;
;;;;;;;;;;;;;;;;;
;;;;;;;;;;;;;;;;;
;;;;;;;;;;;;;;;;;
;;;;;;;;;;;;;;;;;
;;;;;;;;;;;;;;;;;
;;;;;;;;;;;;;;;;;
;;;;;;;;;;;;;;;;;
;;;;;;;;;;;;;;;;;
;;;;;;;;;;;;;;;;;
;;;;;;;;;;;;;;;;;
;;;;;;;;;;;;;;;;;
;;;;;;;;;;;;;;;;;
;;;;;;;;;;;;;;;;;
;;;;;;;;;;;;;;;;;
;;;;;;;;;;;;;;;;;
;;;;;;;;;;;;;;;;;
;;;;;;;;;;;;;;;;;
;;;;;;;;;;;;;;;;;
;;;;;;;;;;;;;;;;;
;;;;;;;;;;;;;;;;;
;;;;;;;;;;;;;;;;;
;;;;;;;;;;;;;;;;;
;;;;;;;;;;;;;;;;;
;;;;;;;;;;;;;;;;;
;;;;;;;;;;;;;;;;;
;;;;;;;;;;;;;;;;;
;;;;;;;;;;;;;;;;;
;;;;;;;;;;;;;;;;;
;;;;;;;;;;;;;;;;;
;;;;;;;;;;;;;;;;;
;;;;;;;;;;;;;;;;;
;;;;;;;;;;;;;;;;;
;;;;;;;;;;;;;;;;;
;;;;;;;;;;;;;;;;;
;;;;;;;;;;;;;;;;;
;;;;;;;;;;;;;;;;;
;;;;;;;;;;;;;;;;;
;;;;;;;;;;;;;;;;;
;;;;;;;;;;;;;;;;;
;;;;;;;;;;;;;;;;;
;;;;;;;;;;;;;;;;;
;;;;;;;;;;;;;;;;;
;;;;;;;;;;;;;;;;;
;;;;;;;;;;;;;;;;;
;;;;;;;;;;;;;;;;;
;;;;;;;;;;;;;;;;;
;;;;;;;;;;;;;;;;;
;;;;;;;;;;;;;;;;;
;;;;;;;;;;;;;;;;;
;;;;;;;;;;;;;;;;;
;;;;;;;;;;;;;;;;;
;;;;;;;;;;;;;;;;;
;;;;;;;;;;;;;;;;;
;;;;;;;;;;;;;;;;;
;;;;;;;;;;;;;;;;;
;;;;;;;;;;;;;;;;;
;;;;;;;;;;;;;;;;;
;;;;;;;;;;;;;;;;;
;;;;;;;;;;;;;;;;;
;;;;;;;;;;;;;;;;;
;;;;;;;;;;;;;;;;;
;;;;;;;;;;;;;;;;;
;;;;;;;;;;;;;;;;;
;;;;;;;;;;;;;;;;;
;;;;;;;;;;;;;;;;;
;;;;;;;;;;;;;;;;;
;;;;;;;;;;;;;;;;;
;;;;;;;;;;;;;;;;;
;;;;;;;;;;;;;;;;;
;;;;;;;;;;;;;;;;;
;;;;;;;;;;;;;;;;;
;;;;;;;;;;;;;;;;;
;;;;;;;;;;;;;;;;;
;;;;;;;;;;;;;;;;;
;;;;;;;;;;;;;;;;;
;;;;;;;;;;;;;;;;;
;;;;;;;;;;;;;;;;;
;;;;;;;;;;;;;;;;;
;;;;;;;;;;;;;;;;;
;;;;;;;;;;;;;;;;;
;;;;;;;;;;;;;;;;;
;;;;;;;;;;;;;;;;;
;;;;;;;;;;;;;;;;;
;;;;;;;;;;;;;;;;;
;;;;;;;;;;;;;;;;;
;;;;;;;;;;;;;;;;;
;;;;;;;;;;;;;;;;;
;;;;;;;;;;;;;;;;;
;;;;;;;;;;;;;;;;;
;;;;;;;;;;;;;;;;;
;;;;;;;;;;;;;;;;;
;;;;;;;;;;;;;;;;;
;;;;;;;;;;;;;;;;;
;;;;;;;;;;;;;;;;;
;;;;;;;;;;;;;;;;;
;;;;;;;;;;;;;;;;;
;;;;;;;;;;;;;;;;;
;;;;;;;;;;;;;;;;;
;;;;;;;;;;;;;;;;;
;;;;;;;;;;;;;;;;;
;;;;;;;;;;;;;;;;;
;;;;;;;;;;;;;;;;;
;;;;;;;;;;;;;;;;;
;;;;;;;;;;;;;;;;;
;;;;;;;;;;;;;;;;;
;;;;;;;;;;;;;;;;;
;;;;;;;;;;;;;;;;;
;;;;;;;;;;;;;;;;;
;;;;;;;;;;;;;;;;;
;;;;;;;;;;;;;;;;;
;;;;;;;;;;;;;;;;;
;;;;;;;;;;;;;;;;;
;;;;;;;;;;;;;;;;;
;;;;;;;;;;;;;;;;;
;;;;;;;;;;;;;;;;;
;;;;;;;;;;;;;;;;;
;;;;;;;;;;;;;;;;;
;;;;;;;;;;;;;;;;;
;;;;;;;;;;;;;;;;;
;;;;;;;;;;;;;;;;;
;;;;;;;;;;;;;;;;;
;;;;;;;;;;;;;;;;;
;;;;;;;;;;;;;;;;;
;;;;;;;;;;;;;;;;;
;;;;;;;;;;;;;;;;;
;;;;;;;;;;;;;;;;;
;;;;;;;;;;;;;;;;;
;;;;;;;;;;;;;;;;;
;;;;;;;;;;;;;;;;;
;;;;;;;;;;;;;;;;;
;;;;;;;;;;;;;;;;;
;;;;;;;;;;;;;;;;;
;;;;;;;;;;;;;;;;;
;;;;;;;;;;;;;;;;;
;;;;;;;;;;;;;;;;;
;;;;;;;;;;;;;;;;;
;;;;;;;;;;;;;;;;;
;;;;;;;;;;;;;;;;;
;;;;;;;;;;;;;;;;;
;;;;;;;;;;;;;;;;;
;;;;;;;;;;;;;;;;;
;;;;;;;;;;;;;;;;;
;;;;;;;;;;;;;;;;;
;;;;;;;;;;;;;;;;;
;;;;;;;;;;;;;;;;;
;;;;;;;;;;;;;;;;;
;;;;;;;;;;;;;;;;;
;;;;;;;;;;;;;;;;;
;;;;;;;;;;;;;;;;;
;;;;;;;;;;;;;;;;;
;;;;;;;;;;;;;;;;;
;;;;;;;;;;;;;;;;;
;;;;;;;;;;;;;;;;;
;;;;;;;;;;;;;;;;;
;;;;;;;;;;;;;;;;;
;;;;;;;;;;;;;;;;;
;;;;;;;;;;;;;;;;;
;;;;;;;;;;;;;;;;;
;;;;;;;;;;;;;;;;;
;;;;;;;;;;;;;;;;;
;;;;;;;;;;;;;;;;;
;;;;;;;;;;;;;;;;;
;;;;;;;;;;;;;;;;;
;;;;;;;;;;;;;;;;;
;;;;;;;;;;;;;;;;;
;;;;;;;;;;;;;;;;;
;;;;;;;;;;;;;;;;;
;;;;;;;;;;;;;;;;;
;;;;;;;;;;;;;;;;;
;;;;;;;;;;;;;;;;;
;;;;;;;;;;;;;;;;;
;;;;;;;;;;;;;;;;;
;;;;;;;;;;;;;;;;;
;;;;;;;;;;;;;;;;;
;;;;;;;;;;;;;;;;;
;;;;;;;;;;;;;;;;;
;;;;;;;;;;;;;;;;;
;;;;;;;;;;;;;;;;;
;;;;;;;;;;;;;;;;;
;;;;;;;;;;;;;;;;;
;;;;;;;;;;;;;;;;;
;;;;;;;;;;;;;;;;;
;;;;;;;;;;;;;;;;;
;;;;;;;;;;;;;;;;;
;;;;;;;;;;;;;;;;;
;;;;;;;;;;;;;;;;;
;;;;;;;;;;;;;;;;;
;;;;;;;;;;;;;;;;;
;;;;;;;;;;;;;;;;;
;;;;;;;;;;;;;;;;;
;;;;;;;;;;;;;;;;;
;;;;;;;;;;;;;;;;;
;;;;;;;;;;;;;;;;;
;;;;;;;;;;;;;;;;;
;;;;;;;;;;;;;;;;;
;;;;;;;;;;;;;;;;;
;;;;;;;;;;;;;;;;;
;;;;;;;;;;;;;;;;;
;;;;;;;;;;;;;;;;;
;;;;;;;;;;;;;;;;;
;;;;;;;;;;;;;;;;;
;;;;;;;;;;;;;;;;;
;;;;;;;;;;;;;;;;;
;;;;;;;;;;;;;;;;;
;;;;;;;;;;;;;;;;;
;;;;;;;;;;;;;;;;;
;;;;;;;;;;;;;;;;;
;;;;;;;;;;;;;;;;;
;;;;;;;;;;;;;;;;;
;;;;;;;;;;;;;;;;;
;;;;;;;;;;;;;;;;;
;;;;;;;;;;;;;;;;;
;;;;;;;;;;;;;;;;;
;;;;;;;;;;;;;;;;;
;;;;;;;;;;;;;;;;;
;;;;;;;;;;;;;;;;;
;;;;;;;;;;;;;;;;;
;;;;;;;;;;;;;;;;;
;;;;;;;;;;;;;;;;;
;;;;;;;;;;;;;;;;;
;;;;;;;;;;;;;;;;;
;;;;;;;;;;;;;;;;;
;;;;;;;;;;;;;;;;;
;;;;;;;;;;;;;;;;;
;;;;;;;;;;;;;;;;;
;;;;;;;;;;;;;;;;;
;;;;;;;;;;;;;;;;;
;;;;;;;;;;;;;;;;;
;;;;;;;;;;;;;;;;;
;;;;;;;;;;;;;;;;;
;;;;;;;;;;;;;;;;;
;;;;;;;;;;;;;;;;;
;;;;;;;;;;;;;;;;;
;;;;;;;;;;;;;;;;;
;;;;;;;;;;;;;;;;;
;;;;;;;;;;;;;;;;;
;;;;;;;;;;;;;;;;;
;;;;;;;;;;;;;;;;;
;;;;;;;;;;;;;;;;;
;;;;;;;;;;;;;;;;;
;;;;;;;;;;;;;;;;;
;;;;;;;;;;;;;;;;;
;;;;;;;;;;;;;;;;;
;;;;;;;;;;;;;;;;;
;;;;;;;;;;;;;;;;;
;;;;;;;;;;;;;;;;;
;;;;;;;;;;;;;;;;;
;;;;;;;;;;;;;;;;;
;;;;;;;;;;;;;;;;;
;;;;;;;;;;;;;;;;;
;;;;;;;;;;;;;;;;;
;;;;;;;;;;;;;;;;;
;;;;;;;;;;;;;;;;;
;;;;;;;;;;;;;;;;;
;;;;;;;;;;;;;;;;;
;;;;;;;;;;;;;;;;;
;;;;;;;;;;;;;;;;;
;;;;;;;;;;;;;;;;;
;;;;;;;;;;;;;;;;;
;;;;;;;;;;;;;;;;;
;;;;;;;;;;;;;;;;;
;;;;;;;;;;;;;;;;;
;;;;;;;;;;;;;;;;;
;;;;;;;;;;;;;;;;;
;;;;;;;;;;;;;;;;;
;;;;;;;;;;;;;;;;;
;;;;;;;;;;;;;;;;;
;;;;;;;;;;;;;;;;;
;;;;;;;;;;;;;;;;;
;;;;;;;;;;;;;;;;;
;;;;;;;;;;;;;;;;;
;;;;;;;;;;;;;;;;;
;;;;;;;;;;;;;;;;;
;;;;;;;;;;;;;;;;;
;;;;;;;;;;;;;;;;;
;;;;;;;;;;;;;;;;;
;;;;;;;;;;;;;;;;;
;;;;;;;;;;;;;;;;;
;;;;;;;;;;;;;;;;;
;;;;;;;;;;;;;;;;;
;;;;;;;;;;;;;;;;;
;;;;;;;;;;;;;;;;;
;;;;;;;;;;;;;;;;;
;;;;;;;;;;;;;;;;;
;;;;;;;;;;;;;;;;;
;;;;;;;;;;;;;;;;;
;;;;;;;;;;;;;;;;;
;;;;;;;;;;;;;;;;;
;;;;;;;;;;;;;;;;;
;;;;;;;;;;;;;;;;;
;;;;;;;;;;;;;;;;;
;;;;;;;;;;;;;;;;;
;;;;;;;;;;;;;;;;;
;;;;;;;;;;;;;;;;;
;;;;;;;;;;;;;;;;;
;;;;;;;;;;;;;;;;;
;;;;;;;;;;;;;;;;;
;;;;;;;;;;;;;;;;;
;;;;;;;;;;;;;;;;;
;;;;;;;;;;;;;;;;;
;;;;;;;;;;;;;;;;;
;;;;;;;;;;;;;;;;;
;;;;;;;;;;;;;;;;;
;;;;;;;;;;;;;;;;;
;;;;;;;;;;;;;;;;;
;;;;;;;;;;;;;;;;;
;;;;;;;;;;;;;;;;;
;;;;;;;;;;;;;;;;;
;;;;;;;;;;;;;;;;;
;;;;;;;;;;;;;;;;;
;;;;;;;;;;;;;;;;;
;;;;;;;;;;;;;;;;;
;;;;;;;;;;;;;;;;;
;;;;;;;;;;;;;;;;;
;;;;;;;;;;;;;;;;;
;;;;;;;;;;;;;;;;;
;;;;;;;;;;;;;;;;;
;;;;;;;;;;;;;;;;;
;;;;;;;;;;;;;;;;;
;;;;;;;;;;;;;;;;;
;;;;;;;;;;;;;;;;;
;;;;;;;;;;;;;;;;;
;;;;;;;;;;;;;;;;;
;;;;;;;;;;;;;;;;;
;;;;;;;;;;;;;;;;;
;;;;;;;;;;;;;;;;;
;;;;;;;;;;;;;;;;;
;;;;;;;;;;;;;;;;;
;;;;;;;;;;;;;;;;;
;;;;;;;;;;;;;;;;;
;;;;;;;;;;;;;;;;;
;;;;;;;;;;;;;;;;;
;;;;;;;;;;;;;;;;;
;;;;;;;;;;;;;;;;;
;;;;;;;;;;;;;;;;;
;;;;;;;;;;;;;;;;;
;;;;;;;;;;;;;;;;;
;;;;;;;;;;;;;;;;;
;;;;;;;;;;;;;;;;;
;;;;;;;;;;;;;;;;;
;;;;;;;;;;;;;;;;;
;;;;;;;;;;;;;;;;;
;;;;;;;;;;;;;;;;;
;;;;;;;;;;;;;;;;;
;;;;;;;;;;;;;;;;;
;;;;;;;;;;;;;;;;;
;;;;;;;;;;;;;;;;;
;;;;;;;;;;;;;;;;;
;;;;;;;;;;;;;;;;;
;;;;;;;;;;;;;;;;;
;;;;;;;;;;;;;;;;;
;;;;;;;;;;;;;;;;;
;;;;;;;;;;;;;;;;;
;;;;;;;;;;;;;;;;;
;;;;;;;;;;;;;;;;;
;;;;;;;;;;;;;;;;;
;;;;;;;;;;;;;;;;;
;;;;;;;;;;;;;;;;;
;;;;;;;;;;;;;;;;;
;;;;;;;;;;;;;;;;;
;;;;;;;;;;;;;;;;;
;;;;;;;;;;;;;;;;;
;;;;;;;;;;;;;;;;;
;;;;;;;;;;;;;;;;;
;;;;;;;;;;;;;;;;;
;;;;;;;;;;;;;;;;;
;;;;;;;;;;;;;;;;;
;;;;;;;;;;;;;;;;;
;;;;;;;;;;;;;;;;;
;;;;;;;;;;;;;;;;;
;;;;;;;;;;;;;;;;;
;;;;;;;;;;;;;;;;;
;;;;;;;;;;;;;;;;;
;;;;;;;;;;;;;;;;;
;;;;;;;;;;;;;;;;;
;;;;;;;;;;;;;;;;;
;;;;;;;;;;;;;;;;;
;;;;;;;;;;;;;;;;;
;;;;;;;;;;;;;;;;;
;;;;;;;;;;;;;;;;;
;;;;;;;;;;;;;;;;;
;;;;;;;;;;;;;;;;;
;;;;;;;;;;;;;;;;;
;;;;;;;;;;;;;;;;;
;;;;;;;;;;;;;;;;;
;;;;;;;;;;;;;;;;;
;;;;;;;;;;;;;;;;;
;;;;;;;;;;;;;;;;;
;;;;;;;;;;;;;;;;;
;;;;;;;;;;;;;;;;;
;;;;;;;;;;;;;;;;;
;;;;;;;;;;;;;;;;;
;;;;;;;;;;;;;;;;;
;;;;;;;;;;;;;;;;;
;;;;;;;;;;;;;;;;;
;;;;;;;;;;;;;;;;;
;;;;;;;;;;;;;;;;;
;;;;;;;;;;;;;;;;;
;;;;;;;;;;;;;;;;;
;;;;;;;;;;;;;;;;;
;;;;;;;;;;;;;;;;;
;;;;;;;;;;;;;;;;;
;;;;;;;;;;;;;;;;;
;;;;;;;;;;;;;;;;;
;;;;;;;;;;;;;;;;;
;;;;;;;;;;;;;;;;;
;;;;;;;;;;;;;;;;;
;;;;;;;;;;;;;;;;;
;;;;;;;;;;;;;;;;;
;;;;;;;;;;;;;;;;;
;;;;;;;;;;;;;;;;;
;;;;;;;;;;;;;;;;;
;;;;;;;;;;;;;;;;;
;;;;;;;;;;;;;;;;;
;;;;;;;;;;;;;;;;;
;;;;;;;;;;;;;;;;;
;;;;;;;;;;;;;;;;;
;;;;;;;;;;;;;;;;;
;;;;;;;;;;;;;;;;;
;;;;;;;;;;;;;;;;;
;;;;;;;;;;;;;;;;;
;;;;;;;;;;;;;;;;;
;;;;;;;;;;;;;;;;;
;;;;;;;;;;;;;;;;;
;;;;;;;;;;;;;;;;;
;;;;;;;;;;;;;;;;;
;;;;;;;;;;;;;;;;;
;;;;;;;;;;;;;;;;;
;;;;;;;;;;;;;;;;;
;;;;;;;;;;;;;;;;;
;;;;;;;;;;;;;;;;;
;;;;;;;;;;;;;;;;;
;;;;;;;;;;;;;;;;;
;;;;;;;;;;;;;;;;;
;;;;;;;;;;;;;;;;;
;;;;;;;;;;;;;;;;;
;;;;;;;;;;;;;;;;;
;;;;;;;;;;;;;;;;;
;;;;;;;;;;;;;;;;;
;;;;;;;;;;;;;;;;;
;;;;;;;;;;;;;;;;;
;;;;;;;;;;;;;;;;;
;;;;;;;;;;;;;;;;;
;;;;;;;;;;;;;;;;;
;;;;;;;;;;;;;;;;;
;;;;;;;;;;;;;;;;;
;;;;;;;;;;;;;;;;;
;;;;;;;;;;;;;;;;;
;;;;;;;;;;;;;;;;;
;;;;;;;;;;;;;;;;;
;;;;;;;;;;;;;;;;;
;;;;;;;;;;;;;;;;;
;;;;;;;;;;;;;;;;;
;;;;;;;;;;;;;;;;;
;;;;;;;;;;;;;;;;;
;;;;;;;;;;;;;;;;;
;;;;;;;;;;;;;;;;;
;;;;;;;;;;;;;;;;;
;;;;;;;;;;;;;;;;;
;;;;;;;;;;;;;;;;;
;;;;;;;;;;;;;;;;;
;;;;;;;;;;;;;;;;;
;;;;;;;;;;;;;;;;;
;;;;;;;;;;;;;;;;;
;;;;;;;;;;;;;;;;;
;;;;;;;;;;;;;;;;;
;;;;;;;;;;;;;;;;;
;;;;;;;;;;;;;;;;;
;;;;;;;;;;;;;;;;;
;;;;;;;;;;;;;;;;;
;;;;;;;;;;;;;;;;;
;;;;;;;;;;;;;;;;;
;;;;;;;;;;;;;;;;;
;;;;;;;;;;;;;;;;;
;;;;;;;;;;;;;;;;;
;;;;;;;;;;;;;;;;;
;;;;;;;;;;;;;;;;;
;;;;;;;;;;;;;;;;;
;;;;;;;;;;;;;;;;;
;;;;;;;;;;;;;;;;;
;;;;;;;;;;;;;;;;;
;;;;;;;;;;;;;;;;;
;;;;;;;;;;;;;;;;;
;;;;;;;;;;;;;;;;;
;;;;;;;;;;;;;;;;;
;;;;;;;;;;;;;;;;;
;;;;;;;;;;;;;;;;;
;;;;;;;;;;;;;;;;;
;;;;;;;;;;;;;;;;;
;;;;;;;;;;;;;;;;;
;;;;;;;;;;;;;;;;;
;;;;;;;;;;;;;;;;;
;;;;;;;;;;;;;;;;;
;;;;;;;;;;;;;;;;;
;;;;;;;;;;;;;;;;;
;;;;;;;;;;;;;;;;;
;;;;;;;;;;;;;;;;;
;;;;;;;;;;;;;;;;;
;;;;;;;;;;;;;;;;;
;;;;;;;;;;;;;;;;;
;;;;;;;;;;;;;;;;;
;;;;;;;;;;;;;;;;;
;;;;;;;;;;;;;;;;;
;;;;;;;;;;;;;;;;;
;;;;;;;;;;;;;;;;;
;;;;;;;;;;;;;;;;;
;;;;;;;;;;;;;;;;;
;;;;;;;;;;;;;;;;;
;;;;;;;;;;;;;;;;;
;;;;;;;;;;;;;;;;;
;;;;;;;;;;;;;;;;;
;;;;;;;;;;;;;;;;;
;;;;;;;;;;;;;;;;;
;;;;;;;;;;;;;;;;;
;;;;;;;;;;;;;;;;;
;;;;;;;;;;;;;;;;;
;;;;;;;;;;;;;;;;;
;;;;;;;;;;;;;;;;;
;;;;;;;;;;;;;;;;;
;;;;;;;;;;;;;;;;;
;;;;;;;;;;;;;;;;;
;;;;;;;;;;;;;;;;;
;;;;;;;;;;;;;;;;;
;;;;;;;;;;;;;;;;;
;;;;;;;;;;;;;;;;;
;;;;;;;;;;;;;;;;;
;;;;;;;;;;;;;;;;;
;;;;;;;;;;;;;;;;;
;;;;;;;;;;;;;;;;;
;;;;;;;;;;;;;;;;;
;;;;;;;;;;;;;;;;;
;;;;;;;;;;;;;;;;;
;;;;;;;;;;;;;;;;;
;;;;;;;;;;;;;;;;;
;;;;;;;;;;;;;;;;;
;;;;;;;;;;;;;;;;;
;;;;;;;;;;;;;;;;;
;;;;;;;;;;;;;;;;;
;;;;;;;;;;;;;;;;;
;;;;;;;;;;;;;;;;;
;;;;;;;;;;;;;;;;;
;;;;;;;;;;;;;;;;;
;;;;;;;;;;;;;;;;;
;;;;;;;;;;;;;;;;;
;;;;;;;;;;;;;;;;;
;;;;;;;;;;;;;;;;;
;;;;;;;;;;;;;;;;;
;;;;;;;;;;;;;;;;;
;;;;;;;;;;;;;;;;;
;;;;;;;;;;;;;;;;;
;;;;;;;;;;;;;;;;;
;;;;;;;;;;;;;;;;;
;;;;;;;;;;;;;;;;;
;;;;;;;;;;;;;;;;;
;;;;;;;;;;;;;;;;;
;;;;;;;;;;;;;;;;;
;;;;;;;;;;;;;;;;;
;;;;;;;;;;;;;;;;;
;;;;;;;;;;;;;;;;;
;;;;;;;;;;;;;;;;;
;;;;;;;;;;;;;;;;;
;;;;;;;;;;;;;;;;;
;;;;;;;;;;;;;;;;;
;;;;;;;;;;;;;;;;;
;;;;;;;;;;;;;;;;;
;;;;;;;;;;;;;;;;;
;;;;;;;;;;;;;;;;;
;;;;;;;;;;;;;;;;;
;;;;;;;;;;;;;;;;;
;;;;;;;;;;;;;;;;;
;;;;;;;;;;;;;;;;;
;;;;;;;;;;;;;;;;;
;;;;;;;;;;;;;;;;;
;;;;;;;;;;;;;;;;;
;;;;;;;;;;;;;;;;;
;;;;;;;;;;;;;;;;;
;;;;;;;;;;;;;;;;;
;;;;;;;;;;;;;;;;;
;;;;;;;;;;;;;;;;;
;;;;;;;;;;;;;;;;;
;;;;;;;;;;;;;;;;;
;;;;;;;;;;;;;;;;;
;;;;;;;;;;;;;;;;;
;;;;;;;;;;;;;;;;;
;;;;;;;;;;;;;;;;;
;;;;;;;;;;;;;;;;;
;;;;;;;;;;;;;;;;;
;;;;;;;;;;;;;;;;;
;;;;;;;;;;;;;;;;;
;;;;;;;;;;;;;;;;;
;;;;;;;;;;;;;;;;;
;;;;;;;;;;;;;;;;;
;;;;;;;;;;;;;;;;;
;;;;;;;;;;;;;;;;;
;;;;;;;;;;;;;;;;;
;;;;;;;;;;;;;;;;;
;;;;;;;;;;;;;;;;;
;;;;;;;;;;;;;;;;;
;;;;;;;;;;;;;;;;;
;;;;;;;;;;;;;;;;;
;;;;;;;;;;;;;;;;;
;;;;;;;;;;;;;;;;;
;;;;;;;;;;;;;;;;;
;;;;;;;;;;;;;;;;;
;;;;;;;;;;;;;;;;;
;;;;;;;;;;;;;;;;;
;;;;;;;;;;;;;;;;;
;;;;;;;;;;;;;;;;;
;;;;;;;;;;;;;;;;;
;;;;;;;;;;;;;;;;;
;;;;;;;;;;;;;;;;;
;;;;;;;;;;;;;;;;;
;;;;;;;;;;;;;;;;;
;;;;;;;;;;;;;;;;;
;;;;;;;;;;;;;;;;;
;;;;;;;;;;;;;;;;;
;;;;;;;;;;;;;;;;;
;;;;;;;;;;;;;;;;;
;;;;;;;;;;;;;;;;;
;;;;;;;;;;;;;;;;;
;;;;;;;;;;;;;;;;;
;;;;;;;;;;;;;;;;;
;;;;;;;;;;;;;;;;;
;;;;;;;;;;;;;;;;;
;;;;;;;;;;;;;;;;;
;;;;;;;;;;;;;;;;;
;;;;;;;;;;;;;;;;;
;;;;;;;;;;;;;;;;;
;;;;;;;;;;;;;;;;;
;;;;;;;;;;;;;;;;;
;;;;;;;;;;;;;;;;;
;;;;;;;;;;;;;;;;;
;;;;;;;;;;;;;;;;;
;;;;;;;;;;;;;;;;;
;;;;;;;;;;;;;;;;;
;;;;;;;;;;;;;;;;;
;;;;;;;;;;;;;;;;;
;;;;;;;;;;;;;;;;;
;;;;;;;;;;;;;;;;;
;;;;;;;;;;;;;;;;;
;;;;;;;;;;;;;;;;;
;;;;;;;;;;;;;;;;;
;;;;;;;;;;;;;;;;;
;;;;;;;;;;;;;;;;;
;;;;;;;;;;;;;;;;;
;;;;;;;;;;;;;;;;;
;;;;;;;;;;;;;;;;;
;;;;;;;;;;;;;;;;;
;;;;;;;;;;;;;;;;;
;;;;;;;;;;;;;;;;;
;;;;;;;;;;;;;;;;;
;;;;;;;;;;;;;;;;;
;;;;;;;;;;;;;;;;;
;;;;;;;;;;;;;;;;;
;;;;;;;;;;;;;;;;;
;;;;;;;;;;;;;;;;;
;;;;;;;;;;;;;;;;;
;;;;;;;;;;;;;;;;;
;;;;;;;;;;;;;;;;;
;;;;;;;;;;;;;;;;;
;;;;;;;;;;;;;;;;;
;;;;;;;;;;;;;;;;;
;;;;;;;;;;;;;;;;;
;;;;;;;;;;;;;;;;;
;;;;;;;;;;;;;;;;;
;;;;;;;;;;;;;;;;;
;;;;;;;;;;;;;;;;;
;;;;;;;;;;;;;;;;;
;;;;;;;;;;;;;;;;;
;;;;;;;;;;;;;;;;;
;;;;;;;;;;;;;;;;;
;;;;;;;;;;;;;;;;;
;;;;;;;;;;;;;;;;;
;;;;;;;;;;;;;;;;;
;;;;;;;;;;;;;;;;;
;;;;;;;;;;;;;;;;;
;;;;;;;;;;;;;;;;;
;;;;;;;;;;;;;;;;;
;;;;;;;;;;;;;;;;;
;;;;;;;;;;;;;;;;;
;;;;;;;;;;;;;;;;;
;;;;;;;;;;;;;;;;;
;;;;;;;;;;;;;;;;;
;;;;;;;;;;;;;;;;;
;;;;;;;;;;;;;;;;;
;;;;;;;;;;;;;;;;;
;;;;;;;;;;;;;;;;;
;;;;;;;;;;;;;;;;;
;;;;;;;;;;;;;;;;;
;;;;;;;;;;;;;;;;;
;;;;;;;;;;;;;;;;;
;;;;;;;;;;;;;;;;;
;;;;;;;;;;;;;;;;;
;;;;;;;;;;;;;;;;;
;;;;;;;;;;;;;;;;;
;;;;;;;;;;;;;;;;;
;;;;;;;;;;;;;;;;;
;;;;;;;;;;;;;;;;;
;;;;;;;;;;;;;;;;;
;;;;;;;;;;;;;;;;;
;;;;;;;;;;;;;;;;;
;;;;;;;;;;;;;;;;;
;;;;;;;;;;;;;;;;;
;;;;;;;;;;;;;;;;;
;;;;;;;;;;;;;;;;;
;;;;;;;;;;;;;;;;;
;;;;;;;;;;;;;;;;;
;;;;;;;;;;;;;;;;;
;;;;;;;;;;;;;;;;;
;;;;;;;;;;;;;;;;;
;;;;;;;;;;;;;;;;;
;;;;;;;;;;;;;;;;;
;;;;;;;;;;;;;;;;;
;;;;;;;;;;;;;;;;;
;;;;;;;;;;;;;;;;;
;;;;;;;;;;;;;;;;;
;;;;;;;;;;;;;;;;;
;;;;;;;;;;;;;;;;;
;;;;;;;;;;;;;;;;;
;;;;;;;;;;;;;;;;;
;;;;;;;;;;;;;;;;;
;;;;;;;;;;;;;;;;;
;;;;;;;;;;;;;;;;;
;;;;;;;;;;;;;;;;;
;;;;;;;;;;;;;;;;;
;;;;;;;;;;;;;;;;;
;;;;;;;;;;;;;;;;;
;;;;;;;;;;;;;;;;;
;;;;;;;;;;;;;;;;;
;;;;;;;;;;;;;;;;;
;;;;;;;;;;;;;;;;;
;;;;;;;;;;;;;;;;;
;;;;;;;;;;;;;;;;;
;;;;;;;;;;;;;;;;;
;;;;;;;;;;;;;;;;;
;;;;;;;;;;;;;;;;;
;;;;;;;;;;;;;;;;;
;;;;;;;;;;;;;;;;;
;;;;;;;;;;;;;;;;;
;;;;;;;;;;;;;;;;;
;;;;;;;;;;;;;;;;;
;;;;;;;;;;;;;;;;;
;;;;;;;;;;;;;;;;;
;;;;;;;;;;;;;;;;;
;;;;;;;;;;;;;;;;;
;;;;;;;;;;;;;;;;;
;;;;;;;;;;;;;;;;;
;;;;;;;;;;;;;;;;;
;;;;;;;;;;;;;;;;;
;;;;;;;;;;;;;;;;;
;;;;;;;;;;;;;;;;;
;;;;;;;;;;;;;;;;;
;;;;;;;;;;;;;;;;;
;;;;;;;;;;;;;;;;;
;;;;;;;;;;;;;;;;;
;;;;;;;;;;;;;;;;;
;;;;;;;;;;;;;;;;;
;;;;;;;;;;;;;;;;;
;;;;;;;;;;;;;;;;;
;;;;;;;;;;;;;;;;;
;;;;;;;;;;;;;;;;;
;;;;;;;;;;;;;;;;;
;;;;;;;;;;;;;;;;;
;;;;;;;;;;;;;;;;;
;;;;;;;;;;;;;;;;;
;;;;;;;;;;;;;;;;;
;;;;;;;;;;;;;;;;;
;;;;;;;;;;;;;;;;;
;;;;;;;;;;;;;;;;;
;;;;;;;;;;;;;;;;;
;;;;;;;;;;;;;;;;;
;;;;;;;;;;;;;;;;;
;;;;;;;;;;;;;;;;;
;;;;;;;;;;;;;;;;;
;;;;;;;;;;;;;;;;;
;;;;;;;;;;;;;;;;;
;;;;;;;;;;;;;;;;;
;;;;;;;;;;;;;;;;;
;;;;;;;;;;;;;;;;;
;;;;;;;;;;;;;;;;;
;;;;;;;;;;;;;;;;;
;;;;;;;;;;;;;;;;;
;;;;;;;;;;;;;;;;;
;;;;;;;;;;;;;;;;;
;;;;;;;;;;;;;;;;;
;;;;;;;;;;;;;;;;;
;;;;;;;;;;;;;;;;;
;;;;;;;;;;;;;;;;;
;;;;;;;;;;;;;;;;;
;;;;;;;;;;;;;;;;;
;;;;;;;;;;;;;;;;;
;;;;;;;;;;;;;;;;;
;;;;;;;;;;;;;;;;;
;;;;;;;;;;;;;;;;;
;;;;;;;;;;;;;;;;;
;;;;;;;;;;;;;;;;;
;;;;;;;;;;;;;;;;;
;;;;;;;;;;;;;;;;;
;;;;;;;;;;;;;;;;;
;;;;;;;;;;;;;;;;;
;;;;;;;;;;;;;;;;;
;;;;;;;;;;;;;;;;;
;;;;;;;;;;;;;;;;;
;;;;;;;;;;;;;;;;;
;;;;;;;;;;;;;;;;;
;;;;;;;;;;;;;;;;;
;;;;;;;;;;;;;;;;;
;;;;;;;;;;;;;;;;;
;;;;;;;;;;;;;;;;;
;;;;;;;;;;;;;;;;;
;;;;;;;;;;;;;;;;;
;;;;;;;;;;;;;;;;;
;;;;;;;;;;;;;;;;;
;;;;;;;;;;;;;;;;;
;;;;;;;;;;;;;;;;;
;;;;;;;;;;;;;;;;;
;;;;;;;;;;;;;;;;;
;;;;;;;;;;;;;;;;;
;;;;;;;;;;;;;;;;;
;;;;;;;;;;;;;;;;;
;;;;;;;;;;;;;;;;;
;;;;;;;;;;;;;;;;;
;;;;;;;;;;;;;;;;;
;;;;;;;;;;;;;;;;;
;;;;;;;;;;;;;;;;;
;;;;;;;;;;;;;;;;;
;;;;;;;;;;;;;;;;;
;;;;;;;;;;;;;;;;;
;;;;;;;;;;;;;;;;;
;;;;;;;;;;;;;;;;;
;;;;;;;;;;;;;;;;;
;;;;;;;;;;;;;;;;;
;;;;;;;;;;;;;;;;;
;;;;;;;;;;;;;;;;;
;;;;;;;;;;;;;;;;;
;;;;;;;;;;;;;;;;;
;;;;;;;;;;;;;;;;;
;;;;;;;;;;;;;;;;;
;;;;;;;;;;;;;;;;;
;;;;;;;;;;;;;;;;;
;;;;;;;;;;;;;;;;;
;;;;;;;;;;;;;;;;;
;;;;;;;;;;;;;;;;;
;;;;;;;;;;;;;;;;;
;;;;;;;;;;;;;;;;;
;;;;;;;;;;;;;;;;;
;;;;;;;;;;;;;;;;;
;;;;;;;;;;;;;;;;;
;;;;;;;;;;;;;;;;;
;;;;;;;;;;;;;;;;;
;;;;;;;;;;;;;;;;;
;;;;;;;;;;;;;;;;;
;;;;;;;;;;;;;;;;;
;;;;;;;;;;;;;;;;;
;;;;;;;;;;;;;;;;;
;;;;;;;;;;;;;;;;;
;;;;;;;;;;;;;;;;;
;;;;;;;;;;;;;;;;;
;;;;;;;;;;;;;;;;;
;;;;;;;;;;;;;;;;;
;;;;;;;;;;;;;;;;;
;;;;;;;;;;;;;;;;;
;;;;;;;;;;;;;;;;;
;;;;;;;;;;;;;;;;;
;;;;;;;;;;;;;;;;;
;;;;;;;;;;;;;;;;;
;;;;;;;;;;;;;;;;;
;;;;;;;;;;;;;;;;;
;;;;;;;;;;;;;;;;;
;;;;;;;;;;;;;;;;;
;;;;;;;;;;;;;;;;;
;;;;;;;;;;;;;;;;;
;;;;;;;;;;;;;;;;;
;;;;;;;;;;;;;;;;;
;;;;;;;;;;;;;;;;;
;;;;;;;;;;;;;;;;;
;;;;;;;;;;;;;;;;;
;;;;;;;;;;;;;;;;;
;;;;;;;;;;;;;;;;;
;;;;;;;;;;;;;;;;;
;;;;;;;;;;;;;;;;;
;;;;;;;;;;;;;;;;;
;;;;;;;;;;;;;;;;;
;;;;;;;;;;;;;;;;;
;;;;;;;;;;;;;;;;;
;;;;;;;;;;;;;;;;;
;;;;;;;;;;;;;;;;;
;;;;;;;;;;;;;;;;;
;;;;;;;;;;;;;;;;;
;;;;;;;;;;;;;;;;;
;;;;;;;;;;;;;;;;;
;;;;;;;;;;;;;;;;;
;;;;;;;;;;;;;;;;;
;;;;;;;;;;;;;;;;;
;;;;;;;;;;;;;;;;;
;;;;;;;;;;;;;;;;;
;;;;;;;;;;;;;;;;;
;;;;;;;;;;;;;;;;;
;;;;;;;;;;;;;;;;;
;;;;;;;;;;;;;;;;;
;;;;;;;;;;;;;;;;;
;;;;;;;;;;;;;;;;;
;;;;;;;;;;;;;;;;;
;;;;;;;;;;;;;;;;;
;;;;;;;;;;;;;;;;;
;;;;;;;;;;;;;;;;;
;;;;;;;;;;;;;;;;;
;;;;;;;;;;;;;;;;;
;;;;;;;;;;;;;;;;;
;;;;;;;;;;;;;;;;;
;;;;;;;;;;;;;;;;;
;;;;;;;;;;;;;;;;;
;;;;;;;;;;;;;;;;;
;;;;;;;;;;;;;;;;;
;;;;;;;;;;;;;;;;;
;;;;;;;;;;;;;;;;;
;;;;;;;;;;;;;;;;;
;;;;;;;;;;;;;;;;;
;;;;;;;;;;;;;;;;;
;;;;;;;;;;;;;;;;;
;;;;;;;;;;;;;;;;;
;;;;;;;;;;;;;;;;;
;;;;;;;;;;;;;;;;;
;;;;;;;;;;;;;;;;;
;;;;;;;;;;;;;;;;;
;;;;;;;;;;;;;;;;;
;;;;;;;;;;;;;;;;;
;;;;;;;;;;;;;;;;;
;;;;;;;;;;;;;;;;;
;;;;;;;;;;;;;;;;;
;;;;;;;;;;;;;;;;;
;;;;;;;;;;;;;;;;;
;;;;;;;;;;;;;;;;;
;;;;;;;;;;;;;;;;;
;;;;;;;;;;;;;;;;;
;;;;;;;;;;;;;;;;;
;;;;;;;;;;;;;;;;;
;;;;;;;;;;;;;;;;;
;;;;;;;;;;;;;;;;;
;;;;;;;;;;;;;;;;;
;;;;;;;;;;;;;;;;;
;;;;;;;;;;;;;;;;;
;;;;;;;;;;;;;;;;;
;;;;;;;;;;;;;;;;;
;;;;;;;;;;;;;;;;;
;;;;;;;;;;;;;;;;;
;;;;;;;;;;;;;;;;;
;;;;;;;;;;;;;;;;;
;;;;;;;;;;;;;;;;;
;;;;;;;;;;;;;;;;;
;;;;;;;;;;;;;;;;;
;;;;;;;;;;;;;;;;;
;;;;;;;;;;;;;;;;;
;;;;;;;;;;;;;;;;;
;;;;;;;;;;;;;;;;;
;;;;;;;;;;;;;;;;;
;;;;;;;;;;;;;;;;;
;;;;;;;;;;;;;;;;;
;;;;;;;;;;;;;;;;;
;;;;;;;;;;;;;;;;;
;;;;;;;;;;;;;;;;;
;;;;;;;;;;;;;;;;;
;;;;;;;;;;;;;;;;;
;;;;;;;;;;;;;;;;;
;;;;;;;;;;;;;;;;;
;;;;;;;;;;;;;;;;;
;;;;;;;;;;;;;;;;;
;;;;;;;;;;;;;;;;;
;;;;;;;;;;;;;;;;;
;;;;;;;;;;;;;;;;;
;;;;;;;;;;;;;;;;;
;;;;;;;;;;;;;;;;;
;;;;;;;;;;;;;;;;;
;;;;;;;;;;;;;;;;;
;;;;;;;;;;;;;;;;;
;;;;;;;;;;;;;;;;;
;;;;;;;;;;;;;;;;;
;;;;;;;;;;;;;;;;;
;;;;;;;;;;;;;;;;;
;;;;;;;;;;;;;;;;;
;;;;;;;;;;;;;;;;;
;;;;;;;;;;;;;;;;;
;;;;;;;;;;;;;;;;;
;;;;;;;;;;;;;;;;;
;;;;;;;;;;;;;;;;;
;;;;;;;;;;;;;;;;;
;;;;;;;;;;;;;;;;;
;;;;;;;;;;;;;;;;;
;;;;;;;;;;;;;;;;;
;;;;;;;;;;;;;;;;;
;;;;;;;;;;;;;;;;;
;;;;;;;;;;;;;;;;;
;;;;;;;;;;;;;;;;;
;;;;;;;;;;;;;;;;;
;;;;;;;;;;;;;;;;;
;;;;;;;;;;;;;;;;;
;;;;;;;;;;;;;;;;;
;;;;;;;;;;;;;;;;;
;;;;;;;;;;;;;;;;;
;;;;;;;;;;;;;;;;;
;;;;;;;;;;;;;;;;;
;;;;;;;;;;;;;;;;;
;;;;;;;;;;;;;;;;;
;;;;;;;;;;;;;;;;;
;;;;;;;;;;;;;;;;;
;;;;;;;;;;;;;;;;;
;;;;;;;;;;;;;;;;;
;;;;;;;;;;;;;;;;;
;;;;;;;;;;;;;;;;;
;;;;;;;;;;;;;;;;;
;;;;;;;;;;;;;;;;;
;;;;;;;;;;;;;;;;;
;;;;;;;;;;;;;;;;;
;;;;;;;;;;;;;;;;;
;;;;;;;;;;;;;;;;;
;;;;;;;;;;;;;;;;;
;;;;;;;;;;;;;;;;;
;;;;;;;;;;;;;;;;;
;;;;;;;;;;;;;;;;;
;;;;;;;;;;;;;;;;;
;;;;;;;;;;;;;;;;;
;;;;;;;;;;;;;;;;;
;;;;;;;;;;;;;;;;;
;;;;;;;;;;;;;;;;;
;;;;;;;;;;;;;;;;;
;;;;;;;;;;;;;;;;;
;;;;;;;;;;;;;;;;;
;;;;;;;;;;;;;;;;;
;;;;;;;;;;;;;;;;;
;;;;;;;;;;;;;;;;;
;;;;;;;;;;;;;;;;;
;;;;;;;;;;;;;;;;;
;;;;;;;;;;;;;;;;;
;;;;;;;;;;;;;;;;;
;;;;;;;;;;;;;;;;;
;;;;;;;;;;;;;;;;;
;;;;;;;;;;;;;;;;;
;;;;;;;;;;;;;;;;;
;;;;;;;;;;;;;;;;;
;;;;;;;;;;;;;;;;;
;;;;;;;;;;;;;;;;;
;;;;;;;;;;;;;;;;;
;;;;;;;;;;;;;;;;;
;;;;;;;;;;;;;;;;;
;;;;;;;;;;;;;;;;;
;;;;;;;;;;;;;;;;;
;;;;;;;;;;;;;;;;;
;;;;;;;;;;;;;;;;;
;;;;;;;;;;;;;;;;;
;;;;;;;;;;;;;;;;;
;;;;;;;;;;;;;;;;;
;;;;;;;;;;;;;;;;;
;;;;;;;;;;;;;;;;;
;;;;;;;;;;;;;;;;;
;;;;;;;;;;;;;;;;;
;;;;;;;;;;;;;;;;;
;;;;;;;;;;;;;;;;;
;;;;;;;;;;;;;;;;;
;;;;;;;;;;;;;;;;;
;;;;;;;;;;;;;;;;;
;;;;;;;;;;;;;;;;;
;;;;;;;;;;;;;;;;;
;;;;;;;;;;;;;;;;;
;;;;;;;;;;;;;;;;;
;;;;;;;;;;;;;;;;;
;;;;;;;;;;;;;;;;;
;;;;;;;;;;;;;;;;;
;;;;;;;;;;;;;;;;;
;;;;;;;;;;;;;;;;;
;;;;;;;;;;;;;;;;;
;;;;;;;;;;;;;;;;;
;;;;;;;;;;;;;;;;;
;;;;;;;;;;;;;;;;;
;;;;;;;;;;;;;;;;;
;;;;;;;;;;;;;;;;;
;;;;;;;;;;;;;;;;;
;;;;;;;;;;;;;;;;;
;;;;;;;;;;;;;;;;;
;;;;;;;;;;;;;;;;;
;;;;;;;;;;;;;;;;;
;;;;;;;;;;;;;;;;;
;;;;;;;;;;;;;;;;;
;;;;;;;;;;;;;;;;;
;;;;;;;;;;;;;;;;;
;;;;;;;;;;;;;;;;;
;;;;;;;;;;;;;;;;;
;;;;;;;;;;;;;;;;;
;;;;;;;;;;;;;;;;;
;;;;;;;;;;;;;;;;;
;;;;;;;;;;;;;;;;;
;;;;;;;;;;;;;;;;;
;;;;;;;;;;;;;;;;;
;;;;;;;;;;;;;;;;;
;;;;;;;;;;;;;;;;;
;;;;;;;;;;;;;;;;;
;;;;;;;;;;;;;;;;;
;;;;;;;;;;;;;;;;;
;;;;;;;;;;;;;;;;;
;;;;;;;;;;;;;;;;;
;;;;;;;;;;;;;;;;;
;;;;;;;;;;;;;;;;;
;;;;;;;;;;;;;;;;;
;;;;;;;;;;;;;;;;;
;;;;;;;;;;;;;;;;;
;;;;;;;;;;;;;;;;;
;;;;;;;;;;;;;;;;;
;;;;;;;;;;;;;;;;;
;;;;;;;;;;;;;;;;;
;;;;;;;;;;;;;;;;;
;;;;;;;;;;;;;;;;;
;;;;;;;;;;;;;;;;;
;;;;;;;;;;;;;;;;;
;;;;;;;;;;;;;;;;;
;;;;;;;;;;;;;;;;;
;;;;;;;;;;;;;;;;;
;;;;;;;;;;;;;;;;;
;;;;;;;;;;;;;;;;;
;;;;;;;;;;;;;;;;;
;;;;;;;;;;;;;;;;;
;;;;;;;;;;;;;;;;;
;;;;;;;;;;;;;;;;;
;;;;;;;;;;;;;;;;;
;;;;;;;;;;;;;;;;;
;;;;;;;;;;;;;;;;;
;;;;;;;;;;;;;;;;;
;;;;;;;;;;;;;;;;;
;;;;;;;;;;;;;;;;;
;;;;;;;;;;;;;;;;;
;;;;;;;;;;;;;;;;;
;;;;;;;;;;;;;;;;;
;;;;;;;;;;;;;;;;;
;;;;;;;;;;;;;;;;;
;;;;;;;;;;;;;;;;;
;;;;;;;;;;;;;;;;;
;;;;;;;;;;;;;;;;;
;;;;;;;;;;;;;;;;;
;;;;;;;;;;;;;;;;;
;;;;;;;;;;;;;;;;;
;;;;;;;;;;;;;;;;;
;;;;;;;;;;;;;;;;;
;;;;;;;;;;;;;;;;;
;;;;;;;;;;;;;;;;;
;;;;;;;;;;;;;;;;;
;;;;;;;;;;;;;;;;;
;;;;;;;;;;;;;;;;;
;;;;;;;;;;;;;;;;;
;;;;;;;;;;;;;;;;;
;;;;;;;;;;;;;;;;;
;;;;;;;;;;;;;;;;;
;;;;;;;;;;;;;;;;;
;;;;;;;;;;;;;;;;;
;;;;;;;;;;;;;;;;;
;;;;;;;;;;;;;;;;;
;;;;;;;;;;;;;;;;;
;;;;;;;;;;;;;;;;;
;;;;;;;;;;;;;;;;;
;;;;;;;;;;;;;;;;;
;;;;;;;;;;;;;;;;;
;;;;;;;;;;;;;;;;;
;;;;;;;;;;;;;;;;;
;;;;;;;;;;;;;;;;;
;;;;;;;;;;;;;;;;;
;;;;;;;;;;;;;;;;;
;;;;;;;;;;;;;;;;;
;;;;;;;;;;;;;;;;;
;;;;;;;;;;;;;;;;;
;;;;;;;;;;;;;;;;;
;;;;;;;;;;;;;;;;;
;;;;;;;;;;;;;;;;;
;;;;;;;;;;;;;;;;;
;;;;;;;;;;;;;;;;;
;;;;;;;;;;;;;;;;;
;;;;;;;;;;;;;;;;;
;;;;;;;;;;;;;;;;;
;;;;;;;;;;;;;;;;;
;;;;;;;;;;;;;;;;;
;;;;;;;;;;;;;;;;;
;;;;;;;;;;;;;;;;;
;;;;;;;;;;;;;;;;;
;;;;;;;;;;;;;;;;;
;;;;;;;;;;;;;;;;;
;;;;;;;;;;;;;;;;;
;;;;;;;;;;;;;;;;;
;;;;;;;;;;;;;;;;;
;;;;;;;;;;;;;;;;;
;;;;;;;;;;;;;;;;;
;;;;;;;;;;;;;;;;;
;;;;;;;;;;;;;;;;;
;;;;;;;;;;;;;;;;;
;;;;;;;;;;;;;;;;;
;;;;;;;;;;;;;;;;;
;;;;;;;;;;;;;;;;;
;;;;;;;;;;;;;;;;;
;;;;;;;;;;;;;;;;;
;;;;;;;;;;;;;;;;;
;;;;;;;;;;;;;;;;;
;;;;;;;;;;;;;;;;;
;;;;;;;;;;;;;;;;;
;;;;;;;;;;;;;;;;;
;;;;;;;;;;;;;;;;;
;;;;;;;;;;;;;;;;;
;;;;;;;;;;;;;;;;;
;;;;;;;;;;;;;;;;;
;;;;;;;;;;;;;;;;;
;;;;;;;;;;;;;;;;;
;;;;;;;;;;;;;;;;;
;;;;;;;;;;;;;;;;;
;;;;;;;;;;;;;;;;;
;;;;;;;;;;;;;;;;;
;;;;;;;;;;;;;;;;;
;;;;;;;;;;;;;;;;;
;;;;;;;;;;;;;;;;;
;;;;;;;;;;;;;;;;;
;;;;;;;;;;;;;;;;;
;;;;;;;;;;;;;;;;;
;;;;;;;;;;;;;;;;;
;;;;;;;;;;;;;;;;;
;;;;;;;;;;;;;;;;;
;;;;;;;;;;;;;;;;;
;;;;;;;;;;;;;;;;;
;;;;;;;;;;;;;;;;;
;;;;;;;;;;;;;;;;;
;;;;;;;;;;;;;;;;;
;;;;;;;;;;;;;;;;;
;;;;;;;;;;;;;;;;;
;;;;;;;;;;;;;;;;;
;;;;;;;;;;;;;;;;;
;;;;;;;;;;;;;;;;;
;;;;;;;;;;;;;;;;;
;;;;;;;;;;;;;;;;;
;;;;;;;;;;;;;;;;;
;;;;;;;;;;;;;;;;;
;;;;;;;;;;;;;;;;;
;;;;;;;;;;;;;;;;;
;;;;;;;;;;;;;;;;;
;;;;;;;;;;;;;;;;;
;;;;;;;;;;;;;;;;;
;;;;;;;;;;;;;;;;;
;;;;;;;;;;;;;;;;;
;;;;;;;;;;;;;;;;;
;;;;;;;;;;;;;;;;;
;;;;;;;;;;;;;;;;;
;;;;;;;;;;;;;;;;;
;;;;;;;;;;;;;;;;;
;;;;;;;;;;;;;;;;;
;;;;;;;;;;;;;;;;;
;;;;;;;;;;;;;;;;;
;;;;;;;;;;;;;;;;;
;;;;;;;;;;;;;;;;;
;;;;;;;;;;;;;;;;;
;;;;;;;;;;;;;;;;;
;;;;;;;;;;;;;;;;;
;;;;;;;;;;;;;;;;;
;;;;;;;;;;;;;;;;;
;;;;;;;;;;;;;;;;;
;;;;;;;;;;;;;;;;;
;;;;;;;;;;;;;;;;;
;;;;;;;;;;;;;;;;;
;;;;;;;;;;;;;;;;;
;;;;;;;;;;;;;;;;;
;;;;;;;;;;;;;;;;;
;;;;;;;;;;;;;;;;;
;;;;;;;;;;;;;;;;;
;;;;;;;;;;;;;;;;;
;;;;;;;;;;;;;;;;;
;;;;;;;;;;;;;;;;;
;;;;;;;;;;;;;;;;;
;;;;;;;;;;;;;;;;;
;;;;;;;;;;;;;;;;;
;;;;;;;;;;;;;;;;;
;;;;;;;;;;;;;;;;;
;;;;;;;;;;;;;;;;;
;;;;;;;;;;;;;;;;;
;;;;;;;;;;;;;;;;;
;;;;;;;;;;;;;;;;;
;;;;;;;;;;;;;;;;;
;;;;;;;;;;;;;;;;;
;;;;;;;;;;;;;;;;;
;;;;;;;;;;;;;;;;;
;;;;;;;;;;;;;;;;;
;;;;;;;;;;;;;;;;;
;;;;;;;;;;;;;;;;;
;;;;;;;;;;;;;;;;;
;;;;;;;;;;;;;;;;;
;;;;;;;;;;;;;;;;;
;;;;;;;;;;;;;;;;;
;;;;;;;;;;;;;;;;;
;;;;;;;;;;;;;;;;;
;;;;;;;;;;;;;;;;;
;;;;;;;;;;;;;;;;;
;;;;;;;;;;;;;;;;;
;;;;;;;;;;;;;;;;;
;;;;;;;;;;;;;;;;;
;;;;;;;;;;;;;;;;;
;;;;;;;;;;;;;;;;;
;;;;;;;;;;;;;;;;;
;;;;;;;;;;;;;;;;;
;;;;;;;;;;;;;;;;;
;;;;;;;;;;;;;;;;;
;;;;;;;;;;;;;;;;;
;;;;;;;;;;;;;;;;;
;;;;;;;;;;;;;;;;;
;;;;;;;;;;;;;;;;;
;;;;;;;;;;;;;;;;;
;;;;;;;;;;;;;;;;;
;;;;;;;;;;;;;;;;;
;;;;;;;;;;;;;;;;;
;;;;;;;;;;;;;;;;;
;;;;;;;;;;;;;;;;;
;;;;;;;;;;;;;;;;;
;;;;;;;;;;;;;;;;;
;;;;;;;;;;;;;;;;;
;;;;;;;;;;;;;;;;;
;;;;;;;;;;;;;;;;;
;;;;;;;;;;;;;;;;;
;;;;;;;;;;;;;;;;;
;;;;;;;;;;;;;;;;;
;;;;;;;;;;;;;;;;;
;;;;;;;;;;;;;;;;;
;;;;;;;;;;;;;;;;;
;;;;;;;;;;;;;;;;;
;;;;;;;;;;;;;;;;;
;;;;;;;;;;;;;;;;;
;;;;;;;;;;;;;;;;;
;;;;;;;;;;;;;;;;;
;;;;;;;;;;;;;;;;;
;;;;;;;;;;;;;;;;;
;;;;;;;;;;;;;;;;;
;;;;;;;;;;;;;;;;;
;;;;;;;;;;;;;;;;;
;;;;;;;;;;;;;;;;;
;;;;;;;;;;;;;;;;;
;;;;;;;;;;;;;;;;;
;;;;;;;;;;;;;;;;;
;;;;;;;;;;;;;;;;;
;;;;;;;;;;;;;;;;;
;;;;;;;;;;;;;;;;;
;;;;;;;;;;;;;;;;;
;;;;;;;;;;;;;;;;;
;;;;;;;;;;;;;;;;;
;;;;;;;;;;;;;;;;;
;;;;;;;;;;;;;;;;;
;;;;;;;;;;;;;;;;;
;;;;;;;;;;;;;;;;;
;;;;;;;;;;;;;;;;;
;;;;;;;;;;;;;;;;;
;;;;;;;;;;;;;;;;;
;;;;;;;;;;;;;;;;;
;;;;;;;;;;;;;;;;;
;;;;;;;;;;;;;;;;;
;;;;;;;;;;;;;;;;;
;;;;;;;;;;;;;;;;;
;;;;;;;;;;;;;;;;;
;;;;;;;;;;;;;;;;;
;;;;;;;;;;;;;;;;;
;;;;;;;;;;;;;;;;;
;;;;;;;;;;;;;;;;;
;;;;;;;;;;;;;;;;;
;;;;;;;;;;;;;;;;;
;;;;;;;;;;;;;;;;;
;;;;;;;;;;;;;;;;;
;;;;;;;;;;;;;;;;;
;;;;;;;;;;;;;;;;;
;;;;;;;;;;;;;;;;;
;;;;;;;;;;;;;;;;;
;;;;;;;;;;;;;;;;;
;;;;;;;;;;;;;;;;;
;;;;;;;;;;;;;;;;;
;;;;;;;;;;;;;;;;;
;;;;;;;;;;;;;;;;;
;;;;;;;;;;;;;;;;;
;;;;;;;;;;;;;;;;;
;;;;;;;;;;;;;;;;;
;;;;;;;;;;;;;;;;;
;;;;;;;;;;;;;;;;;
;;;;;;;;;;;;;;;;;
;;;;;;;;;;;;;;;;;
;;;;;;;;;;;;;;;;;
;;;;;;;;;;;;;;;;;
;;;;;;;;;;;;;;;;;
;;;;;;;;;;;;;;;;;
;;;;;;;;;;;;;;;;;
;;;;;;;;;;;;;;;;;
;;;;;;;;;;;;;;;;;
;;;;;;;;;;;;;;;;;
;;;;;;;;;;;;;;;;;
;;;;;;;;;;;;;;;;;
;;;;;;;;;;;;;;;;;
;;;;;;;;;;;;;;;;;
;;;;;;;;;;;;;;;;;
;;;;;;;;;;;;;;;;;
;;;;;;;;;;;;;;;;;
;;;;;;;;;;;;;;;;;
;;;;;;;;;;;;;;;;;
;;;;;;;;;;;;;;;;;
;;;;;;;;;;;;;;;;;
;;;;;;;;;;;;;;;;;
;;;;;;;;;;;;;;;;;
;;;;;;;;;;;;;;;;;
;;;;;;;;;;;;;;;;;
;;;;;;;;;;;;;;;;;
;;;;;;;;;;;;;;;;;
;;;;;;;;;;;;;;;;;
;;;;;;;;;;;;;;;;;
;;;;;;;;;;;;;;;;;
;;;;;;;;;;;;;;;;;
;;;;;;;;;;;;;;;;;
;;;;;;;;;;;;;;;;;
;;;;;;;;;;;;;;;;;
;;;;;;;;;;;;;;;;;
;;;;;;;;;;;;;;;;;
;;;;;;;;;;;;;;;;;
;;;;;;;;;;;;;;;;;
;;;;;;;;;;;;;;;;;
;;;;;;;;;;;;;;;;;
;;;;;;;;;;;;;;;;;
;;;;;;;;;;;;;;;;;
;;;;;;;;;;;;;;;;;
;;;;;;;;;;;;;;;;;
;;;;;;;;;;;;;;;;;
;;;;;;;;;;;;;;;;;
;;;;;;;;;;;;;;;;;
;;;;;;;;;;;;;;;;;
;;;;;;;;;;;;;;;;;
;;;;;;;;;;;;;;;;;
;;;;;;;;;;;;;;;;;
;;;;;;;;;;;;;;;;;
;;;;;;;;;;;;;;;;;
;;;;;;;;;;;;;;;;;
;;;;;;;;;;;;;;;;;
;;;;;;;;;;;;;;;;;
;;;;;;;;;;;;;;;;;
;;;;;;;;;;;;;;;;;
;;;;;;;;;;;;;;;;;
;;;;;;;;;;;;;;;;;
;;;;;;;;;;;;;;;;;
;;;;;;;;;;;;;;;;;
;;;;;;;;;;;;;;;;;
;;;;;;;;;;;;;;;;;
;;;;;;;;;;;;;;;;;
;;;;;;;;;;;;;;;;;
;;;;;;;;;;;;;;;;;
;;;;;;;;;;;;;;;;;
;;;;;;;;;;;;;;;;;
;;;;;;;;;;;;;;;;;
;;;;;;;;;;;;;;;;;
;;;;;;;;;;;;;;;;;
;;;;;;;;;;;;;;;;;
;;;;;;;;;;;;;;;;;
;;;;;;;;;;;;;;;;;
;;;;;;;;;;;;;;;;;
;;;;;;;;;;;;;;;;;
;;;;;;;;;;;;;;;;;
;;;;;;;;;;;;;;;;;
;;;;;;;;;;;;;;;;;
;;;;;;;;;;;;;;;;;
;;;;;;;;;;;;;;;;;
;;;;;;;;;;;;;;;;;
;;;;;;;;;;;;;;;;;
;;;;;;;;;;;;;;;;;
;;;;;;;;;;;;;;;;;
;;;;;;;;;;;;;;;;;
;;;;;;;;;;;;;;;;;
;;;;;;;;;;;;;;;;;
;;;;;;;;;;;;;;;;;
;;;;;;;;;;;;;;;;;
;;;;;;;;;;;;;;;;;
;;;;;;;;;;;;;;;;;
;;;;;;;;;;;;;;;;;
;;;;;;;;;;;;;;;;;
;;;;;;;;;;;;;;;;;
;;;;;;;;;;;;;;;;;
;;;;;;;;;;;;;;;;;
;;;;;;;;;;;;;;;;;
;;;;;;;;;;;;;;;;;
;;;;;;;;;;;;;;;;;
;;;;;;;;;;;;;;;;;
;;;;;;;;;;;;;;;;;
;;;;;;;;;;;;;;;;;
;;;;;;;;;;;;;;;;;
;;;;;;;;;;;;;;;;;
;;;;;;;;;;;;;;;;;
;;;;;;;;;;;;;;;;;
;;;;;;;;;;;;;;;;;
;;;;;;;;;;;;;;;;;
;;;;;;;;;;;;;;;;;
;;;;;;;;;;;;;;;;;
;;;;;;;;;;;;;;;;;
;;;;;;;;;;;;;;;;;
;;;;;;;;;;;;;;;;;
;;;;;;;;;;;;;;;;;
;;;;;;;;;;;;;;;;;
;;;;;;;;;;;;;;;;;
;;;;;;;;;;;;;;;;;
;;;;;;;;;;;;;;;;;
;;;;;;;;;;;;;;;;;
;;;;;;;;;;;;;;;;;
;;;;;;;;;;;;;;;;;
;;;;;;;;;;;;;;;;;
;;;;;;;;;;;;;;;;;
;;;;;;;;;;;;;;;;;
;;;;;;;;;;;;;;;;;
;;;;;;;;;;;;;;;;;
;;;;;;;;;;;;;;;;;
;;;;;;;;;;;;;;;;;
;;;;;;;;;;;;;;;;;
;;;;;;;;;;;;;;;;;
;;;;;;;;;;;;;;;;;
;;;;;;;;;;;;;;;;;
;;;;;;;;;;;;;;;;;
;;;;;;;;;;;;;;;;;
;;;;;;;;;;;;;;;;;
;;;;;;;;;;;;;;;;;
;;;;;;;;;;;;;;;;;
;;;;;;;;;;;;;;;;;
;;;;;;;;;;;;;;;;;
;;;;;;;;;;;;;;;;;
;;;;;;;;;;;;;;;;;
;;;;;;;;;;;;;;;;;
;;;;;;;;;;;;;;;;;
;;;;;;;;;;;;;;;;;
;;;;;;;;;;;;;;;;;
;;;;;;;;;;;;;;;;;
;;;;;;;;;;;;;;;;;
;;;;;;;;;;;;;;;;;
;;;;;;;;;;;;;;;;;
;;;;;;;;;;;;;;;;;
;;;;;;;;;;;;;;;;;
;;;;;;;;;;;;;;;;;
;;;;;;;;;;;;;;;;;
;;;;;;;;;;;;;;;;;
;;;;;;;;;;;;;;;;;
;;;;;;;;;;;;;;;;;
;;;;;;;;;;;;;;;;;
;;;;;;;;;;;;;;;;;
;;;;;;;;;;;;;;;;;
;;;;;;;;;;;;;;;;;
;;;;;;;;;;;;;;;;;
;;;;;;;;;;;;;;;;;
;;;;;;;;;;;;;;;;;
;;;;;;;;;;;;;;;;;
;;;;;;;;;;;;;;;;;
;;;;;;;;;;;;;;;;;
;;;;;;;;;;;;;;;;;
;;;;;;;;;;;;;;;;;
;;;;;;;;;;;;;;;;;
;;;;;;;;;;;;;;;;;
;;;;;;;;;;;;;;;;;
;;;;;;;;;;;;;;;;;
;;;;;;;;;;;;;;;;;
;;;;;;;;;;;;;;;;;
;;;;;;;;;;;;;;;;;
;;;;;;;;;;;;;;;;;
;;;;;;;;;;;;;;;;;
;;;;;;;;;;;;;;;;;
;;;;;;;;;;;;;;;;;
;;;;;;;;;;;;;;;;;
;;;;;;;;;;;;;;;;;
;;;;;;;;;;;;;;;;;
;;;;;;;;;;;;;;;;;
;;;;;;;;;;;;;;;;;
;;;;;;;;;;;;;;;;;
;;;;;;;;;;;;;;;;;
;;;;;;;;;;;;;;;;;
;;;;;;;;;;;;;;;;;
;;;;;;;;;;;;;;;;;
;;;;;;;;;;;;;;;;;
;;;;;;;;;;;;;;;;;
;;;;;;;;;;;;;;;;;
;;;;;;;;;;;;;;;;;
;;;;;;;;;;;;;;;;;
;;;;;;;;;;;;;;;;;
;;;;;;;;;;;;;;;;;
;;;;;;;;;;;;;;;;;
;;;;;;;;;;;;;;;;;
;;;;;;;;;;;;;;;;;
;;;;;;;;;;;;;;;;;
;;;;;;;;;;;;;;;;;
;;;;;;;;;;;;;;;;;
;;;;;;;;;;;;;;;;;
;;;;;;;;;;;;;;;;;
;;;;;;;;;;;;;;;;;
;;;;;;;;;;;;;;;;;
;;;;;;;;;;;;;;;;;
;;;;;;;;;;;;;;;;;
;;;;;;;;;;;;;;;;;
;;;;;;;;;;;;;;;;;
;;;;;;;;;;;;;;;;;
;;;;;;;;;;;;;;;;;
;;;;;;;;;;;;;;;;;
;;;;;;;;;;;;;;;;;
;;;;;;;;;;;;;;;;;
;;;;;;;;;;;;;;;;;
;;;;;;;;;;;;;;;;;
;;;;;;;;;;;;;;;;;
;;;;;;;;;;;;;;;;;
;;;;;;;;;;;;;;;;;
;;;;;;;;;;;;;;;;;
;;;;;;;;;;;;;;;;;
;;;;;;;;;;;;;;;;;
;;;;;;;;;;;;;;;;;
;;;;;;;;;;;;;;;;;
;;;;;;;;;;;;;;;;;
;;;;;;;;;;;;;;;;;
;;;;;;;;;;;;;;;;;
;;;;;;;;;;;;;;;;;
;;;;;;;;;;;;;;;;;
;;;;;;;;;;;;;;;;;
;;;;;;;;;;;;;;;;;
;;;;;;;;;;;;;;;;;
;;;;;;;;;;;;;;;;;
;;;;;;;;;;;;;;;;;
;;;;;;;;;;;;;;;;;
;;;;;;;;;;;;;;;;;
;;;;;;;;;;;;;;;;;
;;;;;;;;;;;;;;;;;
;;;;;;;;;;;;;;;;;
;;;;;;;;;;;;;;;;;
;;;;;;;;;;;;;;;;;
;;;;;;;;;;;;;;;;;
;;;;;;;;;;;;;;;;;
;;;;;;;;;;;;;;;;;
;;;;;;;;;;;;;;;;;
;;;;;;;;;;;;;;;;;
;;;;;;;;;;;;;;;;;
;;;;;;;;;;;;;;;;;
;;;;;;;;;;;;;;;;;
;;;;;;;;;;;;;;;;;
;;;;;;;;;;;;;;;;;
;;;;;;;;;;;;;;;;;
;;;;;;;;;;;;;;;;;
;;;;;;;;;;;;;;;;;
;;;;;;;;;;;;;;;;;
;;;;;;;;;;;;;;;;;
;;;;;;;;;;;;;;;;;
;;;;;;;;;;;;;;;;;
;;;;;;;;;;;;;;;;;
;;;;;;;;;;;;;;;;;
;;;;;;;;;;;;;;;;;
;;;;;;;;;;;;;;;;;
;;;;;;;;;;;;;;;;;
;;;;;;;;;;;;;;;;;
;;;;;;;;;;;;;;;;;
;;;;;;;;;;;;;;;;;
;;;;;;;;;;;;;;;;;
;;;;;;;;;;;;;;;;;
;;;;;;;;;;;;;;;;;
;;;;;;;;;;;;;;;;;
;;;;;;;;;;;;;;;;;
;;;;;;;;;;;;;;;;;
;;;;;;;;;;;;;;;;;
;;;;;;;;;;;;;;;;;
;;;;;;;;;;;;;;;;;
;;;;;;;;;;;;;;;;;
;;;;;;;;;;;;;;;;;
;;;;;;;;;;;;;;;;;
;;;;;;;;;;;;;;;;;
;;;;;;;;;;;;;;;;;
;;;;;;;;;;;;;;;;;
;;;;;;;;;;;;;;;;;
;;;;;;;;;;;;;;;;;
;;;;;;;;;;;;;;;;;
;;;;;;;;;;;;;;;;;
;;;;;;;;;;;;;;;;;
;;;;;;;;;;;;;;;;;
;;;;;;;;;;;;;;;;;
;;;;;;;;;;;;;;;;;
;;;;;;;;;;;;;;;;;
;;;;;;;;;;;;;;;;;
;;;;;;;;;;;;;;;;;
;;;;;;;;;;;;;;;;;
;;;;;;;;;;;;;;;;;
;;;;;;;;;;;;;;;;;
;;;;;;;;;;;;;;;;;
;;;;;;;;;;;;;;;;;
;;;;;;;;;;;;;;;;;
;;;;;;;;;;;;;;;;;
;;;;;;;;;;;;;;;;;
;;;;;;;;;;;;;;;;;
;;;;;;;;;;;;;;;;;
;;;;;;;;;;;;;;;;;
;;;;;;;;;;;;;;;;;
;;;;;;;;;;;;;;;;;
;;;;;;;;;;;;;;;;;
;;;;;;;;;;;;;;;;;
;;;;;;;;;;;;;;;;;
;;;;;;;;;;;;;;;;;
;;;;;;;;;;;;;;;;;
;;;;;;;;;;;;;;;;;
;;;;;;;;;;;;;;;;;
;;;;;;;;;;;;;;;;;
;;;;;;;;;;;;;;;;;
;;;;;;;;;;;;;;;;;
;;;;;;;;;;;;;;;;;
;;;;;;;;;;;;;;;;;
;;;;;;;;;;;;;;;;;
;;;;;;;;;;;;;;;;;
;;;;;;;;;;;;;;;;;
;;;;;;;;;;;;;;;;;
;;;;;;;;;;;;;;;;;
;;;;;;;;;;;;;;;;;
;;;;;;;;;;;;;;;;;
;;;;;;;;;;;;;;;;;
;;;;;;;;;;;;;;;;;
;;;;;;;;;;;;;;;;;
;;;;;;;;;;;;;;;;;
;;;;;;;;;;;;;;;;;
;;;;;;;;;;;;;;;;;
;;;;;;;;;;;;;;;;;
;;;;;;;;;;;;;;;;;
;;;;;;;;;;;;;;;;;
;;;;;;;;;;;;;;;;;
;;;;;;;;;;;;;;;;;
;;;;;;;;;;;;;;;;;
;;;;;;;;;;;;;;;;;
;;;;;;;;;;;;;;;;;
;;;;;;;;;;;;;;;;;
;;;;;;;;;;;;;;;;;
;;;;;;;;;;;;;;;;;
;;;;;;;;;;;;;;;;;
;;;;;;;;;;;;;;;;;
;;;;;;;;;;;;;;;;;
;;;;;;;;;;;;;;;;;
;;;;;;;;;;;;;;;;;
;;;;;;;;;;;;;;;;;
;;;;;;;;;;;;;;;;;
;;;;;;;;;;;;;;;;;
;;;;;;;;;;;;;;;;;
;;;;;;;;;;;;;;;;;
;;;;;;;;;;;;;;;;;
;;;;;;;;;;;;;;;;;
;;;;;;;;;;;;;;;;;
;;;;;;;;;;;;;;;;;
;;;;;;;;;;;;;;;;;
;;;;;;;;;;;;;;;;;
;;;;;;;;;;;;;;;;;
;;;;;;;;;;;;;;;;;
;;;;;;;;;;;;;;;;;
;;;;;;;;;;;;;;;;;
;;;;;;;;;;;;;;;;;
;;;;;;;;;;;;;;;;;
;;;;;;;;;;;;;;;;;
;;;;;;;;;;;;;;;;;
;;;;;;;;;;;;;;;;;
;;;;;;;;;;;;;;;;;
;;;;;;;;;;;;;;;;;
;;;;;;;;;;;;;;;;;
;;;;;;;;;;;;;;;;;
;;;;;;;;;;;;;;;;;
;;;;;;;;;;;;;;;;;
;;;;;;;;;;;;;;;;;
;;;;;;;;;;;;;;;;;
;;;;;;;;;;;;;;;;;
;;;;;;;;;;;;;;;;;
;;;;;;;;;;;;;;;;;
;;;;;;;;;;;;;;;;;
;;;;;;;;;;;;;;;;;
;;;;;;;;;;;;;;;;;
;;;;;;;;;;;;;;;;;
;;;;;;;;;;;;;;;;;
;;;;;;;;;;;;;;;;;
;;;;;;;;;;;;;;;;;
;;;;;;;;;;;;;;;;;
;;;;;;;;;;;;;;;;;
;;;;;;;;;;;;;;;;;
;;;;;;;;;;;;;;;;;
;;;;;;;;;;;;;;;;;
;;;;;;;;;;;;;;;;;
;;;;;;;;;;;;;;;;;
;;;;;;;;;;;;;;;;;
;;;;;;;;;;;;;;;;;
;;;;;;;;;;;;;;;;;
;;;;;;;;;;;;;;;;;
;;;;;;;;;;;;;;;;;
;;;;;;;;;;;;;;;;;
;;;;;;;;;;;;;;;;;
;;;;;;;;;;;;;;;;;
;;;;;;;;;;;;;;;;;
;;;;;;;;;;;;;;;;;
;;;;;;;;;;;;;;;;;
;;;;;;;;;;;;;;;;;
;;;;;;;;;;;;;;;;;
;;;;;;;;;;;;;;;;;
;;;;;;;;;;;;;;;;;
;;;;;;;;;;;;;;;;;
;;;;;;;;;;;;;;;;;
;;;;;;;;;;;;;;;;;
;;;;;;;;;;;;;;;;;
;;;;;;;;;;;;;;;;;
;;;;;;;;;;;;;;;;;
;;;;;;;;;;;;;;;;;
;;;;;;;;;;;;;;;;;
;;;;;;;;;;;;;;;;;
;;;;;;;;;;;;;;;;;
;;;;;;;;;;;;;;;;;
;;;;;;;;;;;;;;;;;
;;;;;;;;;;;;;;;;;
;;;;;;;;;;;;;;;;;
;;;;;;;;;;;;;;;;;
;;;;;;;;;;;;;;;;;
;;;;;;;;;;;;;;;;;
;;;;;;;;;;;;;;;;;
;;;;;;;;;;;;;;;;;
;;;;;;;;;;;;;;;;;
;;;;;;;;;;;;;;;;;
;;;;;;;;;;;;;;;;;
;;;;;;;;;;;;;;;;;
;;;;;;;;;;;;;;;;;
;;;;;;;;;;;;;;;;;
;;;;;;;;;;;;;;;;;
;;;;;;;;;;;;;;;;;
;;;;;;;;;;;;;;;;;
;;;;;;;;;;;;;;;;;
;;;;;;;;;;;;;;;;;
;;;;;;;;;;;;;;;;;
;;;;;;;;;;;;;;;;;
;;;;;;;;;;;;;;;;;
;;;;;;;;;;;;;;;;;
;;;;;;;;;;;;;;;;;
;;;;;;;;;;;;;;;;;
;;;;;;;;;;;;;;;;;
;;;;;;;;;;;;;;;;;
;;;;;;;;;;;;;;;;;
;;;;;;;;;;;;;;;;;
;;;;;;;;;;;;;;;;;
;;;;;;;;;;;;;;;;;
;;;;;;;;;;;;;;;;;
;;;;;;;;;;;;;;;;;
;;;;;;;;;;;;;;;;;
;;;;;;;;;;;;;;;;;
;;;;;;;;;;;;;;;;;
;;;;;;;;;;;;;;;;;
;;;;;;;;;;;;;;;;;
;;;;;;;;;;;;;;;;;
;;;;;;;;;;;;;;;;;
;;;;;;;;;;;;;;;;;
;;;;;;;;;;;;;;;;;
;;;;;;;;;;;;;;;;;
;;;;;;;;;;;;;;;;;
;;;;;;;;;;;;;;;;;
;;;;;;;;;;;;;;;;;
;;;;;;;;;;;;;;;;;
;;;;;;;;;;;;;;;;;
;;;;;;;;;;;;;;;;;
;;;;;;;;;;;;;;;;;
;;;;;;;;;;;;;;;;;
;;;;;;;;;;;;;;;;;
;;;;;;;;;;;;;;;;;
;;;;;;;;;;;;;;;;;
;;;;;;;;;;;;;;;;;
;;;;;;;;;;;;;;;;;
;;;;;;;;;;;;;;;;;
;;;;;;;;;;;;;;;;;
;;;;;;;;;;;;;;;;;
;;;;;;;;;;;;;;;;;
;;;;;;;;;;;;;;;;;
;;;;;;;;;;;;;;;;;
;;;;;;;;;;;;;;;;;
;;;;;;;;;;;;;;;;;
;;;;;;;;;;;;;;;;;
;;;;;;;;;;;;;;;;;
;;;;;;;;;;;;;;;;;
;;;;;;;;;;;;;;;;;
;;;;;;;;;;;;;;;;;
;;;;;;;;;;;;;;;;;
;;;;;;;;;;;;;;;;;
;;;;;;;;;;;;;;;;;
;;;;;;;;;;;;;;;;;
;;;;;;;;;;;;;;;;;
;;;;;;;;;;;;;;;;;
;;;;;;;;;;;;;;;;;
;;;;;;;;;;;;;;;;;
;;;;;;;;;;;;;;;;;
;;;;;;;;;;;;;;;;;
;;;;;;;;;;;;;;;;;
;;;;;;;;;;;;;;;;;
;;;;;;;;;;;;;;;;;
;;;;;;;;;;;;;;;;;
;;;;;;;;;;;;;;;;;
;;;;;;;;;;;;;;;;;
;;;;;;;;;;;;;;;;;
;;;;;;;;;;;;;;;;;
;;;;;;;;;;;;;;;;;
;;;;;;;;;;;;;;;;;
;;;;;;;;;;;;;;;;;
;;;;;;;;;;;;;;;;;
;;;;;;;;;;;;;;;;;
;;;;;;;;;;;;;;;;;
;;;;;;;;;;;;;;;;;
;;;;;;;;;;;;;;;;;
;;;;;;;;;;;;;;;;;
;;;;;;;;;;;;;;;;;
;;;;;;;;;;;;;;;;;
;;;;;;;;;;;;;;;;;
;;;;;;;;;;;;;;;;;
;;;;;;;;;;;;;;;;;
;;;;;;;;;;;;;;;;;
;;;;;;;;;;;;;;;;;
;;;;;;;;;;;;;;;;;
;;;;;;;;;;;;;;;;;
;;;;;;;;;;;;;;;;;
;;;;;;;;;;;;;;;;;
;;;;;;;;;;;;;;;;;
;;;;;;;;;;;;;;;;;
;;;;;;;;;;;;;;;;;
;;;;;;;;;;;;;;;;;
;;;;;;;;;;;;;;;;;
;;;;;;;;;;;;;;;;;
;;;;;;;;;;;;;;;;;
;;;;;;;;;;;;;;;;;
;;;;;;;;;;;;;;;;;
;;;;;;;;;;;;;;;;;
;;;;;;;;;;;;;;;;;
;;;;;;;;;;;;;;;;;
;;;;;;;;;;;;;;;;;
;;;;;;;;;;;;;;;;;
;;;;;;;;;;;;;;;;;
;;;;;;;;;;;;;;;;;
;;;;;;;;;;;;;;;;;
;;;;;;;;;;;;;;;;;
;;;;;;;;;;;;;;;;;
;;;;;;;;;;;;;;;;;
;;;;;;;;;;;;;;;;;
;;;;;;;;;;;;;;;;;
;;;;;;;;;;;;;;;;;
;;;;;;;;;;;;;;;;;
;;;;;;;;;;;;;;;;;
;;;;;;;;;;;;;;;;;
;;;;;;;;;;;;;;;;;
;;;;;;;;;;;;;;;;;
;;;;;;;;;;;;;;;;;
;;;;;;;;;;;;;;;;;
;;;;;;;;;;;;;;;;;
;;;;;;;;;;;;;;;;;
;;;;;;;;;;;;;;;;;
;;;;;;;;;;;;;;;;;
;;;;;;;;;;;;;;;;;
;;;;;;;;;;;;;;;;;
;;;;;;;;;;;;;;;;;
;;;;;;;;;;;;;;;;;
;;;;;;;;;;;;;;;;;
;;;;;;;;;;;;;;;;;
;;;;;;;;;;;;;;;;;
;;;;;;;;;;;;;;;;;
;;;;;;;;;;;;;;;;;
;;;;;;;;;;;;;;;;;
;;;;;;;;;;;;;;;;;
;;;;;;;;;;;;;;;;;
;;;;;;;;;;;;;;;;;
;;;;;;;;;;;;;;;;;
;;;;;;;;;;;;;;;;;
;;;;;;;;;;;;;;;;;
;;;;;;;;;;;;;;;;;
;;;;;;;;;;;;;;;;;
;;;;;;;;;;;;;;;;;
;;;;;;;;;;;;;;;;;
;;;;;;;;;;;;;;;;;
;;;;;;;;;;;;;;;;;
;;;;;;;;;;;;;;;;;
;;;;;;;;;;;;;;;;;
;;;;;;;;;;;;;;;;;
;;;;;;;;;;;;;;;;;
;;;;;;;;;;;;;;;;;
;;;;;;;;;;;;;;;;;
;;;;;;;;;;;;;;;;;
;;;;;;;;;;;;;;;;;
;;;;;;;;;;;;;;;;;
;;;;;;;;;;;;;;;;;
;;;;;;;;;;;;;;;;;
;;;;;;;;;;;;;;;;;
;;;;;;;;;;;;;;;;;
;;;;;;;;;;;;;;;;;
;;;;;;;;;;;;;;;;;
;;;;;;;;;;;;;;;;;
;;;;;;;;;;;;;;;;;
;;;;;;;;;;;;;;;;;
;;;;;;;;;;;;;;;;;
;;;;;;;;;;;;;;;;;
;;;;;;;;;;;;;;;;;
;;;;;;;;;;;;;;;;;
;;;;;;;;;;;;;;;;;
;;;;;;;;;;;;;;;;;
;;;;;;;;;;;;;;;;;
;;;;;;;;;;;;;;;;;
;;;;;;;;;;;;;;;;;
;;;;;;;;;;;;;;;;;
;;;;;;;;;;;;;;;;;
;;;;;;;;;;;;;;;;;
;;;;;;;;;;;;;;;;;
;;;;;;;;;;;;;;;;;
;;;;;;;;;;;;;;;;;
;;;;;;;;;;;;;;;;;
;;;;;;;;;;;;;;;;;
;;;;;;;;;;;;;;;;;
;;;;;;;;;;;;;;;;;
;;;;;;;;;;;;;;;;;
;;;;;;;;;;;;;;;;;
;;;;;;;;;;;;;;;;;
;;;;;;;;;;;;;;;;;
;;;;;;;;;;;;;;;;;
;;;;;;;;;;;;;;;;;
;;;;;;;;;;;;;;;;;
;;;;;;;;;;;;;;;;;
;;;;;;;;;;;;;;;;;
;;;;;;;;;;;;;;;;;
;;;;;;;;;;;;;;;;;
;;;;;;;;;;;;;;;;;
;;;;;;;;;;;;;;;;;
;;;;;;;;;;;;;;;;;
;;;;;;;;;;;;;;;;;
;;;;;;;;;;;;;;;;;
;;;;;;;;;;;;;;;;;
;;;;;;;;;;;;;;;;;
;;;;;;;;;;;;;;;;;
;;;;;;;;;;;;;;;;;
;;;;;;;;;;;;;;;;;
;;;;;;;;;;;;;;;;;
;;;;;;;;;;;;;;;;;
;;;;;;;;;;;;;;;;;
;;;;;;;;;;;;;;;;;
;;;;;;;;;;;;;;;;;
;;;;;;;;;;;;;;;;;
;;;;;;;;;;;;;;;;;
;;;;;;;;;;;;;;;;;
;;;;;;;;;;;;;;;;;
;;;;;;;;;;;;;;;;;
;;;;;;;;;;;;;;;;;
;;;;;;;;;;;;;;;;;
;;;;;;;;;;;;;;;;;
;;;;;;;;;;;;;;;;;
;;;;;;;;;;;;;;;;;
;;;;;;;;;;;;;;;;;
;;;;;;;;;;;;;;;;;
;;;;;;;;;;;;;;;;;
;;;;;;;;;;;;;;;;;
;;;;;;;;;;;;;;;;;
;;;;;;;;;;;;;;;;;
;;;;;;;;;;;;;;;;;
;;;;;;;;;;;;;;;;;
;;;;;;;;;;;;;;;;;
;;;;;;;;;;;;;;;;;
;;;;;;;;;;;;;;;;;
;;;;;;;;;;;;;;;;;
;;;;;;;;;;;;;;;;;
;;;;;;;;;;;;;;;;;
;;;;;;;;;;;;;;;;;
;;;;;;;;;;;;;;;;;
;;;;;;;;;;;;;;;;;
;;;;;;;;;;;;;;;;;
;;;;;;;;;;;;;;;;;
;;;;;;;;;;;;;;;;;
;;;;;;;;;;;;;;;;;
;;;;;;;;;;;;;;;;;
;;;;;;;;;;;;;;;;;
;;;;;;;;;;;;;;;;;
;;;;;;;;;;;;;;;;;
;;;;;;;;;;;;;;;;;
;;;;;;;;;;;;;;;;;
;;;;;;;;;;;;;;;;;
;;;;;;;;;;;;;;;;;
;;;;;;;;;;;;;;;;;
;;;;;;;;;;;;;;;;;
;;;;;;;;;;;;;;;;;
;;;;;;;;;;;;;;;;;
;;;;;;;;;;;;;;;;;
;;;;;;;;;;;;;;;;;
;;;;;;;;;;;;;;;;;
;;;;;;;;;;;;;;;;;
;;;;;;;;;;;;;;;;;
;;;;;;;;;;;;;;;;;
;;;;;;;;;;;;;;;;;
;;;;;;;;;;;;;;;;;
;;;;;;;;;;;;;;;;;
;;;;;;;;;;;;;;;;;
;;;;;;;;;;;;;;;;;
;;;;;;;;;;;;;;;;;
;;;;;;;;;;;;;;;;;
;;;;;;;;;;;;;;;;;
;;;;;;;;;;;;;;;;;
;;;;;;;;;;;;;;;;;
;;;;;;;;;;;;;;;;;
;;;;;;;;;;;;;;;;;
;;;;;;;;;;;;;;;;;
;;;;;;;;;;;;;;;;;
;;;;;;;;;;;;;;;;;
;;;;;;;;;;;;;;;;;
;;;;;;;;;;;;;;;;;
;;;;;;;;;;;;;;;;;
;;;;;;;;;;;;;;;;;
;;;;;;;;;;;;;;;;;
;;;;;;;;;;;;;;;;;
;;;;;;;;;;;;;;;;;
;;;;;;;;;;;;;;;;;
;;;;;;;;;;;;;;;;;
;;;;;;;;;;;;;;;;;
;;;;;;;;;;;;;;;;;
;;;;;;;;;;;;;;;;;
;;;;;;;;;;;;;;;;;
;;;;;;;;;;;;;;;;;
;;;;;;;;;;;;;;;;;
;;;;;;;;;;;;;;;;;
;;;;;;;;;;;;;;;;;
;;;;;;;;;;;;;;;;;
;;;;;;;;;;;;;;;;;
;;;;;;;;;;;;;;;;;
;;;;;;;;;;;;;;;;;
;;;;;;;;;;;;;;;;;
;;;;;;;;;;;;;;;;;
;;;;;;;;;;;;;;;;;
;;;;;;;;;;;;;;;;;
;;;;;;;;;;;;;;;;;
;;;;;;;;;;;;;;;;;
;;;;;;;;;;;;;;;;;
;;;;;;;;;;;;;;;;;
;;;;;;;;;;;;;;;;;
;;;;;;;;;;;;;;;;;
;;;;;;;;;;;;;;;;;
;;;;;;;;;;;;;;;;;
;;;;;;;;;;;;;;;;;
;;;;;;;;;;;;;;;;;
;;;;;;;;;;;;;;;;;
;;;;;;;;;;;;;;;;;
;;;;;;;;;;;;;;;;;
;;;;;;;;;;;;;;;;;
;;;;;;;;;;;;;;;;;
;;;;;;;;;;;;;;;;;
;;;;;;;;;;;;;;;;;
;;;;;;;;;;;;;;;;;
;;;;;;;;;;;;;;;;;
;;;;;;;;;;;;;;;;;
;;;;;;;;;;;;;;;;;
;;;;;;;;;;;;;;;;;
;;;;;;;;;;;;;;;;;
;;;;;;;;;;;;;;;;;
;;;;;;;;;;;;;;;;;
;;;;;;;;;;;;;;;;;
;;;;;;;;;;;;;;;;;
;;;;;;;;;;;;;;;;;
;;;;;;;;;;;;;;;;;
;;;;;;;;;;;;;;;;;
;;;;;;;;;;;;;;;;;
;;;;;;;;;;;;;;;;;
;;;;;;;;;;;;;;;;;
;;;;;;;;;;;;;;;;;
;;;;;;;;;;;;;;;;;
;;;;;;;;;;;;;;;;;
;;;;;;;;;;;;;;;;;
;;;;;;;;;;;;;;;;;
;;;;;;;;;;;;;;;;;
;;;;;;;;;;;;;;;;;
;;;;;;;;;;;;;;;;;
;;;;;;;;;;;;;;;;;
;;;;;;;;;;;;;;;;;
;;;;;;;;;;;;;;;;;
;;;;;;;;;;;;;;;;;
;;;;;;;;;;;;;;;;;
;;;;;;;;;;;;;;;;;
;;;;;;;;;;;;;;;;;
;;;;;;;;;;;;;;;;;
;;;;;;;;;;;;;;;;;
;;;;;;;;;;;;;;;;;
;;;;;;;;;;;;;;;;;
;;;;;;;;;;;;;;;;;
;;;;;;;;;;;;;;;;;
;;;;;;;;;;;;;;;;;
;;;;;;;;;;;;;;;;;
;;;;;;;;;;;;;;;;;
;;;;;;;;;;;;;;;;;
;;;;;;;;;;;;;;;;;
;;;;;;;;;;;;;;;;;
;;;;;;;;;;;;;;;;;
;;;;;;;;;;;;;;;;;
;;;;;;;;;;;;;;;;;
;;;;;;;;;;;;;;;;;
;;;;;;;;;;;;;;;;;
;;;;;;;;;;;;;;;;;
;;;;;;;;;;;;;;;;;
;;;;;;;;;;;;;;;;;
;;;;;;;;;;;;;;;;;
;;;;;;;;;;;;;;;;;
;;;;;;;;;;;;;;;;;
;;;;;;;;;;;;;;;;;
;;;;;;;;;;;;;;;;;
;;;;;;;;;;;;;;;;;
;;;;;;;;;;;;;;;;;
;;;;;;;;;;;;;;;;;
;;;;;;;;;;;;;;;;;
;;;;;;;;;;;;;;;;;
;;;;;;;;;;;;;;;;;
;;;;;;;;;;;;;;;;;
;;;;;;;;;;;;;;;;;
;;;;;;;;;;;;;;;;;
;;;;;;;;;;;;;;;;;
;;;;;;;;;;;;;;;;;
;;;;;;;;;;;;;;;;;
;;;;;;;;;;;;;;;;;
;;;;;;;;;;;;;;;;;
;;;;;;;;;;;;;;;;;
;;;;;;;;;;;;;;;;;
;;;;;;;;;;;;;;;;;
;;;;;;;;;;;;;;;;;
;;;;;;;;;;;;;;;;;
;;;;;;;;;;;;;;;;;
;;;;;;;;;;;;;;;;;
;;;;;;;;;;;;;;;;;
;;;;;;;;;;;;;;;;;
;;;;;;;;;;;;;;;;;
;;;;;;;;;;;;;;;;;
;;;;;;;;;;;;;;;;;
;;;;;;;;;;;;;;;;;
;;;;;;;;;;;;;;;;;
;;;;;;;;;;;;;;;;;
;;;;;;;;;;;;;;;;;
;;;;;;;;;;;;;;;;;
;;;;;;;;;;;;;;;;;
;;;;;;;;;;;;;;;;;
;;;;;;;;;;;;;;;;;
;;;;;;;;;;;;;;;;;
;;;;;;;;;;;;;;;;;
;;;;;;;;;;;;;;;;;
;;;;;;;;;;;;;;;;;
;;;;;;;;;;;;;;;;;
;;;;;;;;;;;;;;;;;
;;;;;;;;;;;;;;;;;
;;;;;;;;;;;;;;;;;
;;;;;;;;;;;;;;;;;
;;;;;;;;;;;;;;;;;
;;;;;;;;;;;;;;;;;
;;;;;;;;;;;;;;;;;
;;;;;;;;;;;;;;;;;
;;;;;;;;;;;;;;;;;
;;;;;;;;;;;;;;;;;
;;;;;;;;;;;;;;;;;
;;;;;;;;;;;;;;;;;
;;;;;;;;;;;;;;;;;
;;;;;;;;;;;;;;;;;
;;;;;;;;;;;;;;;;;
;;;;;;;;;;;;;;;;;
;;;;;;;;;;;;;;;;;
;;;;;;;;;;;;;;;;;
;;;;;;;;;;;;;;;;;
;;;;;;;;;;;;;;;;;
;;;;;;;;;;;;;;;;;
;;;;;;;;;;;;;;;;;
;;;;;;;;;;;;;;;;;
;;;;;;;;;;;;;;;;;
;;;;;;;;;;;;;;;;;
;;;;;;;;;;;;;;;;;
;;;;;;;;;;;;;;;;;
;;;;;;;;;;;;;;;;;
;;;;;;;;;;;;;;;;;
;;;;;;;;;;;;;;;;;
;;;;;;;;;;;;;;;;;
;;;;;;;;;;;;;;;;;
;;;;;;;;;;;;;;;;;
;;;;;;;;;;;;;;;;;
;;;;;;;;;;;;;;;;;
;;;;;;;;;;;;;;;;;
;;;;;;;;;;;;;;;;;
;;;;;;;;;;;;;;;;;
;;;;;;;;;;;;;;;;;
;;;;;;;;;;;;;;;;;
;;;;;;;;;;;;;;;;;
;;;;;;;;;;;;;;;;;
;;;;;;;;;;;;;;;;;
;;;;;;;;;;;;;;;;;
;;;;;;;;;;;;;;;;;
;;;;;;;;;;;;;;;;;
;;;;;;;;;;;;;;;;;
;;;;;;;;;;;;;;;;;
;;;;;;;;;;;;;;;;;
;;;;;;;;;;;;;;;;;
;;;;;;;;;;;;;;;;;
;;;;;;;;;;;;;;;;;
;;;;;;;;;;;;;;;;;
;;;;;;;;;;;;;;;;;
;;;;;;;;;;;;;;;;;
;;;;;;;;;;;;;;;;;
;;;;;;;;;;;;;;;;;
;;;;;;;;;;;;;;;;;
;;;;;;;;;;;;;;;;;
;;;;;;;;;;;;;;;;;
;;;;;;;;;;;;;;;;;
;;;;;;;;;;;;;;;;;
;;;;;;;;;;;;;;;;;
;;;;;;;;;;;;;;;;;
;;;;;;;;;;;;;;;;;
;;;;;;;;;;;;;;;;;
;;;;;;;;;;;;;;;;;
;;;;;;;;;;;;;;;;;
;;;;;;;;;;;;;;;;;
;;;;;;;;;;;;;;;;;
;;;;;;;;;;;;;;;;;
;;;;;;;;;;;;;;;;;
;;;;;;;;;;;;;;;;;
;;;;;;;;;;;;;;;;;
;;;;;;;;;;;;;;;;;
;;;;;;;;;;;;;;;;;
;;;;;;;;;;;;;;;;;
;;;;;;;;;;;;;;;;;
;;;;;;;;;;;;;;;;;
;;;;;;;;;;;;;;;;;
;;;;;;;;;;;;;;;;;
;;;;;;;;;;;;;;;;;
;;;;;;;;;;;;;;;;;
;;;;;;;;;;;;;;;;;
;;;;;;;;;;;;;;;;;
;;;;;;;;;;;;;;;;;
;;;;;;;;;;;;;;;;;
;;;;;;;;;;;;;;;;;
;;;;;;;;;;;;;;;;;
;;;;;;;;;;;;;;;;;
;;;;;;;;;;;;;;;;;
;;;;;;;;;;;;;;;;;
;;;;;;;;;;;;;;;;;
;;;;;;;;;;;;;;;;;
;;;;;;;;;;;;;;;;;
;;;;;;;;;;;;;;;;;
;;;;;;;;;;;;;;;;;
;;;;;;;;;;;;;;;;;
;;;;;;;;;;;;;;;;;
;;;;;;;;;;;;;;;;;
;;;;;;;;;;;;;;;;;
;;;;;;;;;;;;;;;;;
;;;;;;;;;;;;;;;;;
;;;;;;;;;;;;;;;;;
;;;;;;;;;;;;;;;;;
;;;;;;;;;;;;;;;;;
;;;;;;;;;;;;;;;;;
;;;;;;;;;;;;;;;;;
;;;;;;;;;;;;;;;;;
;;;;;;;;;;;;;;;;;
;;;;;;;;;;;;;;;;;
;;;;;;;;;;;;;;;;;
;;;;;;;;;;;;;;;;;
;;;;;;;;;;;;;;;;;
;;;;;;;;;;;;;;;;;
;;;;;;;;;;;;;;;;;
;;;;;;;;;;;;;;;;;
;;;;;;;;;;;;;;;;;
;;;;;;;;;;;;;;;;;
;;;;;;;;;;;;;;;;;
;;;;;;;;;;;;;;;;;
;;;;;;;;;;;;;;;;;
;;;;;;;;;;;;;;;;;
;;;;;;;;;;;;;;;;;
;;;;;;;;;;;;;;;;;
;;;;;;;;;;;;;;;;;
;;;;;;;;;;;;;;;;;
;;;;;;;;;;;;;;;;;
;;;;;;;;;;;;;;;;;
;;;;;;;;;;;;;;;;;
;;;;;;;;;;;;;;;;;
;;;;;;;;;;;;;;;;;
;;;;;;;;;;;;;;;;;
;;;;;;;;;;;;;;;;;
;;;;;;;;;;;;;;;;;
;;;;;;;;;;;;;;;;;
;;;;;;;;;;;;;;;;;
;;;;;;;;;;;;;;;;;
;;;;;;;;;;;;;;;;;
;;;;;;;;;;;;;;;;;
;;;;;;;;;;;;;;;;;
;;;;;;;;;;;;;;;;;
;;;;;;;;;;;;;;;;;
;;;;;;;;;;;;;;;;;
;;;;;;;;;;;;;;;;;
;;;;;;;;;;;;;;;;;
;;;;;;;;;;;;;;;;;
;;;;;;;;;;;;;;;;;
;;;;;;;;;;;;;;;;;
;;;;;;;;;;;;;;;;;
;;;;;;;;;;;;;;;;;
;;;;;;;;;;;;;;;;;
;;;;;;;;;;;;;;;;;
;;;;;;;;;;;;;;;;;
;;;;;;;;;;;;;;;;;
;;;;;;;;;;;;;;;;;
;;;;;;;;;;;;;;;;;
;;;;;;;;;;;;;;;;;
;;;;;;;;;;;;;;;;;
;;;;;;;;;;;;;;;;;
;;;;;;;;;;;;;;;;;
;;;;;;;;;;;;;;;;;
;;;;;;;;;;;;;;;;;
;;;;;;;;;;;;;;;;;
;;;;;;;;;;;;;;;;;
;;;;;;;;;;;;;;;;;
;;;;;;;;;;;;;;;;;
;;;;;;;;;;;;;;;;;
;;;;;;;;;;;;;;;;;
;;;;;;;;;;;;;;;;;
;;;;;;;;;;;;;;;;;
;;;;;;;;;;;;;;;;;
;;;;;;;;;;;;;;;;;
;;;;;;;;;;;;;;;;;
;;;;;;;;;;;;;;;;;
;;;;;;;;;;;;;;;;;
;;;;;;;;;;;;;;;;;
;;;;;;;;;;;;;;;;;
;;;;;;;;;;;;;;;;;
;;;;;;;;;;;;;;;;;
;;;;;;;;;;;;;;;;;
;;;;;;;;;;;;;;;;;
;;;;;;;;;;;;;;;;;
;;;;;;;;;;;;;;;;;
;;;;;;;;;;;;;;;;;
;;;;;;;;;;;;;;;;;
;;;;;;;;;;;;;;;;;
;;;;;;;;;;;;;;;;;
;;;;;;;;;;;;;;;;;
;;;;;;;;;;;;;;;;;
;;;;;;;;;;;;;;;;;
;;;;;;;;;;;;;;;;;
;;;;;;;;;;;;;;;;;
;;;;;;;;;;;;;;;;;
;;;;;;;;;;;;;;;;;
;;;;;;;;;;;;;;;;;
;;;;;;;;;;;;;;;;;
;;;;;;;;;;;;;;;;;
;;;;;;;;;;;;;;;;;
;;;;;;;;;;;;;;;;;
;;;;;;;;;;;;;;;;;
;;;;;;;;;;;;;;;;;
;;;;;;;;;;;;;;;;;
;;;;;;;;;;;;;;;;;
;;;;;;;;;;;;;;;;;
;;;;;;;;;;;;;;;;;
;;;;;;;;;;;;;;;;;
;;;;;;;;;;;;;;;;;
;;;;;;;;;;;;;;;;;
;;;;;;;;;;;;;;;;;
;;;;;;;;;;;;;;;;;
;;;;;;;;;;;;;;;;;
;;;;;;;;;;;;;;;;;
;;;;;;;;;;;;;;;;;
;;;;;;;;;;;;;;;;;
;;;;;;;;;;;;;;;;;
;;;;;;;;;;;;;;;;;
;;;;;;;;;;;;;;;;;
;;;;;;;;;;;;;;;;;
;;;;;;;;;;;;;;;;;
;;;;;;;;;;;;;;;;;
;;;;;;;;;;;;;;;;;
;;;;;;;;;;;;;;;;;
;;;;;;;;;;;;;;;;;
;;;;;;;;;;;;;;;;;
;;;;;;;;;;;;;;;;;
;;;;;;;;;;;;;;;;;
;;;;;;;;;;;;;;;;;
;;;;;;;;;;;;;;;;;
;;;;;;;;;;;;;;;;;
;;;;;;;;;;;;;;;;;
;;;;;;;;;;;;;;;;;
;;;;;;;;;;;;;;;;;
;;;;;;;;;;;;;;;;;
;;;;;;;;;;;;;;;;;
;;;;;;;;;;;;;;;;;
;;;;;;;;;;;;;;;;;
;;;;;;;;;;;;;;;;;
;;;;;;;;;;;;;;;;;
;;;;;;;;;;;;;;;;;
;;;;;;;;;;;;;;;;;
;;;;;;;;;;;;;;;;;
;;;;;;;;;;;;;;;;;
;;;;;;;;;;;;;;;;;
;;;;;;;;;;;;;;;;;
;;;;;;;;;;;;;;;;;
;;;;;;;;;;;;;;;;;
;;;;;;;;;;;;;;;;;
;;;;;;;;;;;;;;;;;
;;;;;;;;;;;;;;;;;
;;;;;;;;;;;;;;;;;
;;;;;;;;;;;;;;;;;
;;;;;;;;;;;;;;;;;
;;;;;;;;;;;;;;;;;
;;;;;;;;;;;;;;;;;
;;;;;;;;;;;;;;;;;
;;;;;;;;;;;;;;;;;
;;;;;;;;;;;;;;;;;
;;;;;;;;;;;;;;;;;
;;;;;;;;;;;;;;;;;
;;;;;;;;;;;;;;;;;
;;;;;;;;;;;;;;;;;
;;;;;;;;;;;;;;;;;
;;;;;;;;;;;;;;;;;
;;;;;;;;;;;;;;;;;
;;;;;;;;;;;;;;;;;
;;;;;;;;;;;;;;;;;
;;;;;;;;;;;;;;;;;
;;;;;;;;;;;;;;;;;
;;;;;;;;;;;;;;;;;
;;;;;;;;;;;;;;;;;
;;;;;;;;;;;;;;;;;
;;;;;;;;;;;;;;;;;
;;;;;;;;;;;;;;;;;
;;;;;;;;;;;;;;;;;
;;;;;;;;;;;;;;;;;
;;;;;;;;;;;;;;;;;
;;;;;;;;;;;;;;;;;
;;;;;;;;;;;;;;;;;
;;;;;;;;;;;;;;;;;
;;;;;;;;;;;;;;;;;
;;;;;;;;;;;;;;;;;
;;;;;;;;;;;;;;;;;
;;;;;;;;;;;;;;;;;
;;;;;;;;;;;;;;;;;
;;;;;;;;;;;;;;;;;
;;;;;;;;;;;;;;;;;
;;;;;;;;;;;;;;;;;
;;;;;;;;;;;;;;;;;
;;;;;;;;;;;;;;;;;
;;;;;;;;;;;;;;;;;
;;;;;;;;;;;;;;;;;
;;;;;;;;;;;;;;;;;
;;;;;;;;;;;;;;;;;
;;;;;;;;;;;;;;;;;
;;;;;;;;;;;;;;;;;
;;;;;;;;;;;;;;;;;
;;;;;;;;;;;;;;;;;
;;;;;;;;;;;;;;;;;
;;;;;;;;;;;;;;;;;
;;;;;;;;;;;;;;;;;
;;;;;;;;;;;;;;;;;
;;;;;;;;;;;;;;;;;
;;;;;;;;;;;;;;;;;
;;;;;;;;;;;;;;;;;
;;;;;;;;;;;;;;;;;
;;;;;;;;;;;;;;;;;
;;;;;;;;;;;;;;;;;
;;;;;;;;;;;;;;;;;
;;;;;;;;;;;;;;;;;
;;;;;;;;;;;;;;;;;
;;;;;;;;;;;;;;;;;
;;;;;;;;;;;;;;;;;
;;;;;;;;;;;;;;;;;
;;;;;;;;;;;;;;;;;
;;;;;;;;;;;;;;;;;
;;;;;;;;;;;;;;;;;
;;;;;;;;;;;;;;;;;
;;;;;;;;;;;;;;;;;
;;;;;;;;;;;;;;;;;
;;;;;;;;;;;;;;;;;
;;;;;;;;;;;;;;;;;
;;;;;;;;;;;;;;;;;
;;;;;;;;;;;;;;;;;
;;;;;;;;;;;;;;;;;
;;;;;;;;;;;;;;;;;
;;;;;;;;;;;;;;;;;
;;;;;;;;;;;;;;;;;
;;;;;;;;;;;;;;;;;
;;;;;;;;;;;;;;;;;
;;;;;;;;;;;;;;;;;
;;;;;;;;;;;;;;;;;
;;;;;;;;;;;;;;;;;
;;;;;;;;;;;;;;;;;
;;;;;;;;;;;;;;;;;
;;;;;;;;;;;;;;;;;
;;;;;;;;;;;;;;;;;
;;;;;;;;;;;;;;;;;
;;;;;;;;;;;;;;;;;
;;;;;;;;;;;;;;;;;
;;;;;;;;;;;;;;;;;
;;;;;;;;;;;;;;;;;
;;;;;;;;;;;;;;;;;
;;;;;;;;;;;;;;;;;
;;;;;;;;;;;;;;;;;
;;;;;;;;;;;;;;;;;
;;;;;;;;;;;;;;;;;
;;;;;;;;;;;;;;;;;
;;;;;;;;;;;;;;;;;
;;;;;;;;;;;;;;;;;
;;;;;;;;;;;;;;;;;
;;;;;;;;;;;;;;;;;
;;;;;;;;;;;;;;;;;
;;;;;;;;;;;;;;;;;
;;;;;;;;;;;;;;;;;
;;;;;;;;;;;;;;;;;
;;;;;;;;;;;;;;;;;
;;;;;;;;;;;;;;;;;
;;;;;;;;;;;;;;;;;
;;;;;;;;;;;;;;;;;
;;;;;;;;;;;;;;;;;
;;;;;;;;;;;;;;;;;
;;;;;;;;;;;;;;;;;
;;;;;;;;;;;;;;;;;
;;;;;;;;;;;;;;;;;
;;;;;;;;;;;;;;;;;
;;;;;;;;;;;;;;;;;
;;;;;;;;;;;;;;;;;
;;;;;;;;;;;;;;;;;
;;;;;;;;;;;;;;;;;
;;;;;;;;;;;;;;;;;
;;;;;;;;;;;;;;;;;
;;;;;;;;;;;;;;;;;
;;;;;;;;;;;;;;;;;
;;;;;;;;;;;;;;;;;
;;;;;;;;;;;;;;;;;
;;;;;;;;;;;;;;;;;
;;;;;;;;;;;;;;;;;
;;;;;;;;;;;;;;;;;
;;;;;;;;;;;;;;;;;
;;;;;;;;;;;;;;;;;
;;;;;;;;;;;;;;;;;
;;;;;;;;;;;;;;;;;
;;;;;;;;;;;;;;;;;
;;;;;;;;;;;;;;;;;
;;;;;;;;;;;;;;;;;
;;;;;;;;;;;;;;;;;
;;;;;;;;;;;;;;;;;
;;;;;;;;;;;;;;;;;
;;;;;;;;;;;;;;;;;
;;;;;;;;;;;;;;;;;
;;;;;;;;;;;;;;;;;
;;;;;;;;;;;;;;;;;
;;;;;;;;;;;;;;;;;
;;;;;;;;;;;;;;;;;
;;;;;;;;;;;;;;;;;
;;;;;;;;;;;;;;;;;
;;;;;;;;;;;;;;;;;
;;;;;;;;;;;;;;;;;
;;;;;;;;;;;;;;;;;
;;;;;;;;;;;;;;;;;
;;;;;;;;;;;;;;;;;
;;;;;;;;;;;;;;;;;
;;;;;;;;;;;;;;;;;
;;;;;;;;;;;;;;;;;
;;;;;;;;;;;;;;;;;
;;;;;;;;;;;;;;;;;
;;;;;;;;;;;;;;;;;
;;;;;;;;;;;;;;;;;
;;;;;;;;;;;;;;;;;
;;;;;;;;;;;;;;;;;
;;;;;;;;;;;;;;;;;
;;;;;;;;;;;;;;;;;
;;;;;;;;;;;;;;;;;
;;;;;;;;;;;;;;;;;
;;;;;;;;;;;;;;;;;
;;;;;;;;;;;;;;;;;
;;;;;;;;;;;;;;;;;
;;;;;;;;;;;;;;;;;
;;;;;;;;;;;;;;;;;
;;;;;;;;;;;;;;;;;
;;;;;;;;;;;;;;;;;
;;;;;;;;;;;;;;;;;
;;;;;;;;;;;;;;;;;
;;;;;;;;;;;;;;;;;
;;;;;;;;;;;;;;;;;
;;;;;;;;;;;;;;;;;
;;;;;;;;;;;;;;;;;
;;;;;;;;;;;;;;;;;
;;;;;;;;;;;;;;;;;
;;;;;;;;;;;;;;;;;
;;;;;;;;;;;;;;;;;
;;;;;;;;;;;;;;;;;
;;;;;;;;;;;;;;;;;
;;;;;;;;;;;;;;;;;
;;;;;;;;;;;;;;;;;
;;;;;;;;;;;;;;;;;
;;;;;;;;;;;;;;;;;
;;;;;;;;;;;;;;;;;
;;;;;;;;;;;;;;;;;
;;;;;;;;;;;;;;;;;
;;;;;;;;;;;;;;;;;
;;;;;;;;;;;;;;;;;
;;;;;;;;;;;;;;;;;
;;;;;;;;;;;;;;;;;
;;;;;;;;;;;;;;;;;
;;;;;;;;;;;;;;;;;
;;;;;;;;;;;;;;;;;
;;;;;;;;;;;;;;;;;
;;;;;;;;;;;;;;;;;
;;;;;;;;;;;;;;;;;
;;;;;;;;;;;;;;;;;
;;;;;;;;;;;;;;;;;
;;;;;;;;;;;;;;;;;
;;;;;;;;;;;;;;;;;
;;;;;;;;;;;;;;;;;
;;;;;;;;;;;;;;;;;
;;;;;;;;;;;;;;;;;
;;;;;;;;;;;;;;;;;
;;;;;;;;;;;;;;;;;
;;;;;;;;;;;;;;;;;
;;;;;;;;;;;;;;;;;
;;;;;;;;;;;;;;;;;
;;;;;;;;;;;;;;;;;
;;;;;;;;;;;;;;;;;
;;;;;;;;;;;;;;;;;
;;;;;;;;;;;;;;;;;
;;;;;;;;;;;;;;;;;
;;;;;;;;;;;;;;;;;
;;;;;;;;;;;;;;;;;
;;;;;;;;;;;;;;;;;
;;;;;;;;;;;;;;;;;
;;;;;;;;;;;;;;;;;
;;;;;;;;;;;;;;;;;
;;;;;;;;;;;;;;;;;
;;;;;;;;;;;;;;;;;
;;;;;;;;;;;;;;;;;
;;;;;;;;;;;;;;;;;
;;;;;;;;;;;;;;;;;
;;;;;;;;;;;;;;;;;
;;;;;;;;;;;;;;;;;
;;;;;;;;;;;;;;;;;
;;;;;;;;;;;;;;;;;
;;;;;;;;;;;;;;;;;
;;;;;;;;;;;;;;;;;
;;;;;;;;;;;;;;;;;
;;;;;;;;;;;;;;;;;
;;;;;;;;;;;;;;;;;
;;;;;;;;;;;;;;;;;
;;;;;;;;;;;;;;;;;
;;;;;;;;;;;;;;;;;
;;;;;;;;;;;;;;;;;
;;;;;;;;;;;;;;;;;
;;;;;;;;;;;;;;;;;
;;;;;;;;;;;;;;;;;
;;;;;;;;;;;;;;;;;
;;;;;;;;;;;;;;;;;
;;;;;;;;;;;;;;;;;
;;;;;;;;;;;;;;;;;
;;;;;;;;;;;;;;;;;
;;;;;;;;;;;;;;;;;
;;;;;;;;;;;;;;;;;
;;;;;;;;;;;;;;;;;
;;;;;;;;;;;;;;;;;
;;;;;;;;;;;;;;;;;
;;;;;;;;;;;;;;;;;
;;;;;;;;;;;;;;;;;
;;;;;;;;;;;;;;;;;
;;;;;;;;;;;;;;;;;
;;;;;;;;;;;;;;;;;
;;;;;;;;;;;;;;;;;
;;;;;;;;;;;;;;;;;
;;;;;;;;;;;;;;;;;
;;;;;;;;;;;;;;;;;
;;;;;;;;;;;;;;;;;
;;;;;;;;;;;;;;;;;
;;;;;;;;;;;;;;;;;
;;;;;;;;;;;;;;;;;
;;;;;;;;;;;;;;;;;
;;;;;;;;;;;;;;;;;
;;;;;;;;;;;;;;;;;
;;;;;;;;;;;;;;;;;
;;;;;;;;;;;;;;;;;
;;;;;;;;;;;;;;;;;
;;;;;;;;;;;;;;;;;
;;;;;;;;;;;;;;;;;
;;;;;;;;;;;;;;;;;
;;;;;;;;;;;;;;;;;
;;;;;;;;;;;;;;;;;
;;;;;;;;;;;;;;;;;
;;;;;;;;;;;;;;;;;
;;;;;;;;;;;;;;;;;
;;;;;;;;;;;;;;;;;
;;;;;;;;;;;;;;;;;
;;;;;;;;;;;;;;;;;
;;;;;;;;;;;;;;;;;
;;;;;;;;;;;;;;;;;
;;;;;;;;;;;;;;;;;
;;;;;;;;;;;;;;;;;
;;;;;;;;;;;;;;;;;
;;;;;;;;;;;;;;;;;
;;;;;;;;;;;;;;;;;
;;;;;;;;;;;;;;;;;
;;;;;;;;;;;;;;;;;
;;;;;;;;;;;;;;;;;
;;;;;;;;;;;;;;;;;
;;;;;;;;;;;;;;;;;
;;;;;;;;;;;;;;;;;
;;;;;;;;;;;;;;;;;
;;;;;;;;;;;;;;;;;
;;;;;;;;;;;;;;;;;
;;;;;;;;;;;;;;;;;
;;;;;;;;;;;;;;;;;
;;;;;;;;;;;;;;;;;
;;;;;;;;;;;;;;;;;
;;;;;;;;;;;;;;;;;
;;;;;;;;;;;;;;;;;
;;;;;;;;;;;;;;;;;
;;;;;;;;;;;;;;;;;
;;;;;;;;;;;;;;;;;
;;;;;;;;;;;;;;;;;
;;;;;;;;;;;;;;;;;
;;;;;;;;;;;;;;;;;
;;;;;;;;;;;;;;;;;
;;;;;;;;;;;;;;;;;
;;;;;;;;;;;;;;;;;
;;;;;;;;;;;;;;;;;
;;;;;;;;;;;;;;;;;
;;;;;;;;;;;;;;;;;
;;;;;;;;;;;;;;;;;
;;;;;;;;;;;;;;;;;
;;;;;;;;;;;;;;;;;
;;;;;;;;;;;;;;;;;
;;;;;;;;;;;;;;;;;
;;;;;;;;;;;;;;;;;
;;;;;;;;;;;;;;;;;
;;;;;;;;;;;;;;;;;
;;;;;;;;;;;;;;;;;
;;;;;;;;;;;;;;;;;
;;;;;;;;;;;;;;;;;
;;;;;;;;;;;;;;;;;
;;;;;;;;;;;;;;;;;
;;;;;;;;;;;;;;;;;
;;;;;;;;;;;;;;;;;
;;;;;;;;;;;;;;;;;
;;;;;;;;;;;;;;;;;
;;;;;;;;;;;;;;;;;
;;;;;;;;;;;;;;;;;
;;;;;;;;;;;;;;;;;
;;;;;;;;;;;;;;;;;
;;;;;;;;;;;;;;;;;
;;;;;;;;;;;;;;;;;
;;;;;;;;;;;;;;;;;
;;;;;;;;;;;;;;;;;
;;;;;;;;;;;;;;;;;
;;;;;;;;;;;;;;;;;
;;;;;;;;;;;;;;;;;
;;;;;;;;;;;;;;;;;
;;;;;;;;;;;;;;;;;
;;;;;;;;;;;;;;;;;
;;;;;;;;;;;;;;;;;
;;;;;;;;;;;;;;;;;
;;;;;;;;;;;;;;;;;
;;;;;;;;;;;;;;;;;
;;;;;;;;;;;;;;;;;
;;;;;;;;;;;;;;;;;
;;;;;;;;;;;;;;;;;
;;;;;;;;;;;;;;;;;
;;;;;;;;;;;;;;;;;
;;;;;;;;;;;;;;;;;
;;;;;;;;;;;;;;;;;
;;;;;;;;;;;;;;;;;
;;;;;;;;;;;;;;;;;
;;;;;;;;;;;;;;;;;
;;;;;;;;;;;;;;;;;
;;;;;;;;;;;;;;;;;
;;;;;;;;;;;;;;;;;
;;;;;;;;;;;;;;;;;
;;;;;;;;;;;;;;;;;
;;;;;;;;;;;;;;;;;
;;;;;;;;;;;;;;;;;
;;;;;;;;;;;;;;;;;
;;;;;;;;;;;;;;;;;
;;;;;;;;;;;;;;;;;
;;;;;;;;;;;;;;;;;
;;;;;;;;;;;;;;;;;
;;;;;;;;;;;;;;;;;
;;;;;;;;;;;;;;;;;
;;;;;;;;;;;;;;;;;
;;;;;;;;;;;;;;;;;
;;;;;;;;;;;;;;;;;
;;;;;;;;;;;;;;;;;
;;;;;;;;;;;;;;;;;
;;;;;;;;;;;;;;;;;
;;;;;;;;;;;;;;;;;
;;;;;;;;;;;;;;;;;
;;;;;;;;;;;;;;;;;
;;;;;;;;;;;;;;;;;
;;;;;;;;;;;;;;;;;
;;;;;;;;;;;;;;;;;
;;;;;;;;;;;;;;;;;
;;;;;;;;;;;;;;;;;
;;;;;;;;;;;;;;;;;
;;;;;;;;;;;;;;;;;
;;;;;;;;;;;;;;;;;
;;;;;;;;;;;;;;;;;
;;;;;;;;;;;;;;;;;
;;;;;;;;;;;;;;;;;
;;;;;;;;;;;;;;;;;
;;;;;;;;;;;;;;;;;
;;;;;;;;;;;;;;;;;
;;;;;;;;;;;;;;;;;
;;;;;;;;;;;;;;;;;
;;;;;;;;;;;;;;;;;
;;;;;;;;;;;;;;;;;
;;;;;;;;;;;;;;;;;
;;;;;;;;;;;;;;;;;
;;;;;;;;;;;;;;;;;
;;;;;;;;;;;;;;;;;
;;;;;;;;;;;;;;;;;
;;;;;;;;;;;;;;;;;
;;;;;;;;;;;;;;;;;
;;;;;;;;;;;;;;;;;
;;;;;;;;;;;;;;;;;
;;;;;;;;;;;;;;;;;
;;;;;;;;;;;;;;;;;
;;;;;;;;;;;;;;;;;
;;;;;;;;;;;;;;;;;
;;;;;;;;;;;;;;;;;
;;;;;;;;;;;;;;;;;
;;;;;;;;;;;;;;;;;
;;;;;;;;;;;;;;;;;
;;;;;;;;;;;;;;;;;
;;;;;;;;;;;;;;;;;
;;;;;;;;;;;;;;;;;
;;;;;;;;;;;;;;;;;
;;;;;;;;;;;;;;;;;
;;;;;;;;;;;;;;;;;
;;;;;;;;;;;;;;;;;
;;;;;;;;;;;;;;;;;
;;;;;;;;;;;;;;;;;
;;;;;;;;;;;;;;;;;
;;;;;;;;;;;;;;;;;
;;;;;;;;;;;;;;;;;
;;;;;;;;;;;;;;;;;
;;;;;;;;;;;;;;;;;
;;;;;;;;;;;;;;;;;
;;;;;;;;;;;;;;;;;
;;;;;;;;;;;;;;;;;
;;;;;;;;;;;;;;;;;
;;;;;;;;;;;;;;;;;
;;;;;;;;;;;;;;;;;
;;;;;;;;;;;;;;;;;
;;;;;;;;;;;;;;;;;
;;;;;;;;;;;;;;;;;
;;;;;;;;;;;;;;;;;
;;;;;;;;;;;;;;;;;
;;;;;;;;;;;;;;;;;
;;;;;;;;;;;;;;;;;
;;;;;;;;;;;;;;;;;
;;;;;;;;;;;;;;;;;
;;;;;;;;;;;;;;;;;
;;;;;;;;;;;;;;;;;
;;;;;;;;;;;;;;;;;
;;;;;;;;;;;;;;;;;
;;;;;;;;;;;;;;;;;
;;;;;;;;;;;;;;;;;
;;;;;;;;;;;;;;;;;
;;;;;;;;;;;;;;;;;
;;;;;;;;;;;;;;;;;
;;;;;;;;;;;;;;;;;
;;;;;;;;;;;;;;;;;
;;;;;;;;;;;;;;;;;
;;;;;;;;;;;;;;;;;
;;;;;;;;;;;;;;;;;
;;;;;;;;;;;;;;;;;
;;;;;;;;;;;;;;;;;
;;;;;;;;;;;;;;;;;
;;;;;;;;;;;;;;;;;
;;;;;;;;;;;;;;;;;
;;;;;;;;;;;;;;;;;
;;;;;;;;;;;;;;;;;
;;;;;;;;;;;;;;;;;
;;;;;;;;;;;;;;;;;
;;;;;;;;;;;;;;;;;
;;;;;;;;;;;;;;;;;
;;;;;;;;;;;;;;;;;
;;;;;;;;;;;;;;;;;
;;;;;;;;;;;;;;;;;
;;;;;;;;;;;;;;;;;
;;;;;;;;;;;;;;;;;
;;;;;;;;;;;;;;;;;
;;;;;;;;;;;;;;;;;
;;;;;;;;;;;;;;;;;
;;;;;;;;;;;;;;;;;
;;;;;;;;;;;;;;;;;
;;;;;;;;;;;;;;;;;
;;;;;;;;;;;;;;;;;
;;;;;;;;;;;;;;;;;
;;;;;;;;;;;;;;;;;
;;;;;;;;;;;;;;;;;
;;;;;;;;;;;;;;;;;
;;;;;;;;;;;;;;;;;
;;;;;;;;;;;;;;;;;
;;;;;;;;;;;;;;;;;
;;;;;;;;;;;;;;;;;
;;;;;;;;;;;;;;;;;
;;;;;;;;;;;;;;;;;
;;;;;;;;;;;;;;;;;
;;;;;;;;;;;;;;;;;
;;;;;;;;;;;;;;;;;
;;;;;;;;;;;;;;;;;
;;;;;;;;;;;;;;;;;
;;;;;;;;;;;;;;;;;
;;;;;;;;;;;;;;;;;
;;;;;;;;;;;;;;;;;
;;;;;;;;;;;;;;;;;
;;;;;;;;;;;;;;;;;
;;;;;;;;;;;;;;;;;
;;;;;;;;;;;;;;;;;
;;;;;;;;;;;;;;;;;
;;;;;;;;;;;;;;;;;
;;;;;;;;;;;;;;;;;
;;;;;;;;;;;;;;;;;
;;;;;;;;;;;;;;;;;
;;;;;;;;;;;;;;;;;
;;;;;;;;;;;;;;;;;
;;;;;;;;;;;;;;;;;
;;;;;;;;;;;;;;;;;
;;;;;;;;;;;;;;;;;
;;;;;;;;;;;;;;;;;
;;;;;;;;;;;;;;;;;
;;;;;;;;;;;;;;;;;
;;;;;;;;;;;;;;;;;
;;;;;;;;;;;;;;;;;
;;;;;;;;;;;;;;;;;
;;;;;;;;;;;;;;;;;
;;;;;;;;;;;;;;;;;
;;;;;;;;;;;;;;;;;
;;;;;;;;;;;;;;;;;
;;;;;;;;;;;;;;;;;
;;;;;;;;;;;;;;;;;
;;;;;;;;;;;;;;;;;
;;;;;;;;;;;;;;;;;
;;;;;;;;;;;;;;;;;
;;;;;;;;;;;;;;;;;
;;;;;;;;;;;;;;;;;
;;;;;;;;;;;;;;;;;
;;;;;;;;;;;;;;;;;
;;;;;;;;;;;;;;;;;
;;;;;;;;;;;;;;;;;
;;;;;;;;;;;;;;;;;
;;;;;;;;;;;;;;;;;
;;;;;;;;;;;;;;;;;
;;;;;;;;;;;;;;;;;
;;;;;;;;;;;;;;;;;
;;;;;;;;;;;;;;;;;
;;;;;;;;;;;;;;;;;
;;;;;;;;;;;;;;;;;
;;;;;;;;;;;;;;;;;
;;;;;;;;;;;;;;;;;
;;;;;;;;;;;;;;;;;
;;;;;;;;;;;;;;;;;
;;;;;;;;;;;;;;;;;
;;;;;;;;;;;;;;;;;
;;;;;;;;;;;;;;;;;
;;;;;;;;;;;;;;;;;
;;;;;;;;;;;;;;;;;
;;;;;;;;;;;;;;;;;
;;;;;;;;;;;;;;;;;
;;;;;;;;;;;;;;;;;
;;;;;;;;;;;;;;;;;
;;;;;;;;;;;;;;;;;
;;;;;;;;;;;;;;;;;
;;;;;;;;;;;;;;;;;
;;;;;;;;;;;;;;;;;
;;;;;;;;;;;;;;;;;
;;;;;;;;;;;;;;;;;
;;;;;;;;;;;;;;;;;
;;;;;;;;;;;;;;;;;
;;;;;;;;;;;;;;;;;
;;;;;;;;;;;;;;;;;
;;;;;;;;;;;;;;;;;
;;;;;;;;;;;;;;;;;
;;;;;;;;;;;;;;;;;
;;;;;;;;;;;;;;;;;
;;;;;;;;;;;;;;;;;
;;;;;;;;;;;;;;;;;
;;;;;;;;;;;;;;;;;
;;;;;;;;;;;;;;;;;
;;;;;;;;;;;;;;;;;
;;;;;;;;;;;;;;;;;
;;;;;;;;;;;;;;;;;
;;;;;;;;;;;;;;;;;
;;;;;;;;;;;;;;;;;
;;;;;;;;;;;;;;;;;
;;;;;;;;;;;;;;;;;
;;;;;;;;;;;;;;;;;
;;;;;;;;;;;;;;;;;
;;;;;;;;;;;;;;;;;
;;;;;;;;;;;;;;;;;
;;;;;;;;;;;;;;;;;
;;;;;;;;;;;;;;;;;
;;;;;;;;;;;;;;;;;
;;;;;;;;;;;;;;;;;
;;;;;;;;;;;;;;;;;
;;;;;;;;;;;;;;;;;
;;;;;;;;;;;;;;;;;
;;;;;;;;;;;;;;;;;
;;;;;;;;;;;;;;;;;
;;;;;;;;;;;;;;;;;
;;;;;;;;;;;;;;;;;
;;;;;;;;;;;;;;;;;
;;;;;;;;;;;;;;;;;
;;;;;;;;;;;;;;;;;
;;;;;;;;;;;;;;;;;
;;;;;;;;;;;;;;;;;
;;;;;;;;;;;;;;;;;
;;;;;;;;;;;;;;;;;
;;;;;;;;;;;;;;;;;
;;;;;;;;;;;;;;;;;
;;;;;;;;;;;;;;;;;
;;;;;;;;;;;;;;;;;
;;;;;;;;;;;;;;;;;
;;;;;;;;;;;;;;;;;
;;;;;;;;;;;;;;;;;
;;;;;;;;;;;;;;;;;
;;;;;;;;;;;;;;;;;
;;;;;;;;;;;;;;;;;
;;;;;;;;;;;;;;;;;
;;;;;;;;;;;;;;;;;
;;;;;;;;;;;;;;;;;
;;;;;;;;;;;;;;;;;
;;;;;;;;;;;;;;;;;
;;;;;;;;;;;;;;;;;
;;;;;;;;;;;;;;;;;
;;;;;;;;;;;;;;;;;
;;;;;;;;;;;;;;;;;
;;;;;;;;;;;;;;;;;
;;;;;;;;;;;;;;;;;
;;;;;;;;;;;;;;;;;
;;;;;;;;;;;;;;;;;
;;;;;;;;;;;;;;;;;
;;;;;;;;;;;;;;;;;
;;;;;;;;;;;;;;;;;
;;;;;;;;;;;;;;;;;
;;;;;;;;;;;;;;;;;
;;;;;;;;;;;;;;;;;
;;;;;;;;;;;;;;;;;
;;;;;;;;;;;;;;;;;
;;;;;;;;;;;;;;;;;
;;;;;;;;;;;;;;;;;
;;;;;;;;;;;;;;;;;
;;;;;;;;;;;;;;;;;
;;;;;;;;;;;;;;;;;
;;;;;;;;;;;;;;;;;
;;;;;;;;;;;;;;;;;
;;;;;;;;;;;;;;;;;
;;;;;;;;;;;;;;;;;
;;;;;;;;;;;;;;;;;
;;;;;;;;;;;;;;;;;
;;;;;;;;;;;;;;;;;
;;;;;;;;;;;;;;;;;
;;;;;;;;;;;;;;;;;
;;;;;;;;;;;;;;;;;
;;;;;;;;;;;;;;;;;
;;;;;;;;;;;;;;;;;
;;;;;;;;;;;;;;;;;
;;;;;;;;;;;;;;;;;
;;;;;;;;;;;;;;;;;
;;;;;;;;;;;;;;;;;
;;;;;;;;;;;;;;;;;
;;;;;;;;;;;;;;;;;
;;;;;;;;;;;;;;;;;
;;;;;;;;;;;;;;;;;
;;;;;;;;;;;;;;;;;
;;;;;;;;;;;;;;;;;
;;;;;;;;;;;;;;;;;
;;;;;;;;;;;;;;;;;
;;;;;;;;;;;;;;;;;
;;;;;;;;;;;;;;;;;
;;;;;;;;;;;;;;;;;
;;;;;;;;;;;;;;;;;
;;;;;;;;;;;;;;;;;
;;;;;;;;;;;;;;;;;
;;;;;;;;;;;;;;;;;
;;;;;;;;;;;;;;;;;
;;;;;;;;;;;;;;;;;
;;;;;;;;;;;;;;;;;
;;;;;;;;;;;;;;;;;
;;;;;;;;;;;;;;;;;
;;;;;;;;;;;;;;;;;
;;;;;;;;;;;;;;;;;
;;;;;;;;;;;;;;;;;
;;;;;;;;;;;;;;;;;
;;;;;;;;;;;;;;;;;
;;;;;;;;;;;;;;;;;
;;;;;;;;;;;;;;;;;
;;;;;;;;;;;;;;;;;
;;;;;;;;;;;;;;;;;
;;;;;;;;;;;;;;;;;
;;;;;;;;;;;;;;;;;
;;;;;;;;;;;;;;;;;
;;;;;;;;;;;;;;;;;
;;;;;;;;;;;;;;;;;
;;;;;;;;;;;;;;;;;
;;;;;;;;;;;;;;;;;
;;;;;;;;;;;;;;;;;
;;;;;;;;;;;;;;;;;
;;;;;;;;;;;;;;;;;
;;;;;;;;;;;;;;;;;
;;;;;;;;;;;;;;;;;
;;;;;;;;;;;;;;;;;
;;;;;;;;;;;;;;;;;
;;;;;;;;;;;;;;;;;
;;;;;;;;;;;;;;;;;
;;;;;;;;;;;;;;;;;
;;;;;;;;;;;;;;;;;
;;;;;;;;;;;;;;;;;
;;;;;;;;;;;;;;;;;
;;;;;;;;;;;;;;;;;
;;;;;;;;;;;;;;;;;
;;;;;;;;;;;;;;;;;
;;;;;;;;;;;;;;;;;
;;;;;;;;;;;;;;;;;
;;;;;;;;;;;;;;;;;
;;;;;;;;;;;;;;;;;
;;;;;;;;;;;;;;;;;
;;;;;;;;;;;;;;;;;
;;;;;;;;;;;;;;;;;
;;;;;;;;;;;;;;;;;
;;;;;;;;;;;;;;;;;
;;;;;;;;;;;;;;;;;
;;;;;;;;;;;;;;;;;
;;;;;;;;;;;;;;;;;
;;;;;;;;;;;;;;;;;
;;;;;;;;;;;;;;;;;
;;;;;;;;;;;;;;;;;
;;;;;;;;;;;;;;;;;
;;;;;;;;;;;;;;;;;
;;;;;;;;;;;;;;;;;
;;;;;;;;;;;;;;;;;
;;;;;;;;;;;;;;;;;
;;;;;;;;;;;;;;;;;
;;;;;;;;;;;;;;;;;
;;;;;;;;;;;;;;;;;
;;;;;;;;;;;;;;;;;
;;;;;;;;;;;;;;;;;
;;;;;;;;;;;;;;;;;
;;;;;;;;;;;;;;;;;
;;;;;;;;;;;;;;;;;
;;;;;;;;;;;;;;;;;
;;;;;;;;;;;;;;;;;
;;;;;;;;;;;;;;;;;
;;;;;;;;;;;;;;;;;
;;;;;;;;;;;;;;;;;
;;;;;;;;;;;;;;;;;
;;;;;;;;;;;;;;;;;
;;;;;;;;;;;;;;;;;
;;;;;;;;;;;;;;;;;
;;;;;;;;;;;;;;;;;
;;;;;;;;;;;;;;;;;
;;;;;;;;;;;;;;;;;
;;;;;;;;;;;;;;;;;
;;;;;;;;;;;;;;;;;
;;;;;;;;;;;;;;;;;
;;;;;;;;;;;;;;;;;
;;;;;;;;;;;;;;;;;
;;;;;;;;;;;;;;;;;
;;;;;;;;;;;;;;;;;
;;;;;;;;;;;;;;;;;
;;;;;;;;;;;;;;;;;
;;;;;;;;;;;;;;;;;
;;;;;;;;;;;;;;;;;
;;;;;;;;;;;;;;;;;
;;;;;;;;;;;;;;;;;
;;;;;;;;;;;;;;;;;
;;;;;;;;;;;;;;;;;
;;;;;;;;;;;;;;;;;
;;;;;;;;;;;;;;;;;
;;;;;;;;;;;;;;;;;
;;;;;;;;;;;;;;;;;
;;;;;;;;;;;;;;;;;
;;;;;;;;;;;;;;;;;
;;;;;;;;;;;;;;;;;
;;;;;;;;;;;;;;;;;
;;;;;;;;;;;;;;;;;
;;;;;;;;;;;;;;;;;
;;;;;;;;;;;;;;;;;
;;;;;;;;;;;;;;;;;
;;;;;;;;;;;;;;;;;
;;;;;;;;;;;;;;;;;
;;;;;;;;;;;;;;;;;
;;;;;;;;;;;;;;;;;
;;;;;;;;;;;;;;;;;
;;;;;;;;;;;;;;;;;
;;;;;;;;;;;;;;;;;
;;;;;;;;;;;;;;;;;
;;;;;;;;;;;;;;;;;
;;;;;;;;;;;;;;;;;
;;;;;;;;;;;;;;;;;
;;;;;;;;;;;;;;;;;
;;;;;;;;;;;;;;;;;
;;;;;;;;;;;;;;;;;
;;;;;;;;;;;;;;;;;
;;;;;;;;;;;;;;;;;
;;;;;;;;;;;;;;;;;
;;;;;;;;;;;;;;;;;
;;;;;;;;;;;;;;;;;
;;;;;;;;;;;;;;;;;
;;;;;;;;;;;;;;;;;
;;;;;;;;;;;;;;;;;
;;;;;;;;;;;;;;;;;
;;;;;;;;;;;;;;;;;
;;;;;;;;;;;;;;;;;
;;;;;;;;;;;;;;;;;
;;;;;;;;;;;;;;;;;
;;;;;;;;;;;;;;;;;
;;;;;;;;;;;;;;;;;
;;;;;;;;;;;;;;;;;
;;;;;;;;;;;;;;;;;
;;;;;;;;;;;;;;;;;
;;;;;;;;;;;;;;;;;
;;;;;;;;;;;;;;;;;
;;;;;;;;;;;;;;;;;
;;;;;;;;;;;;;;;;;
;;;;;;;;;;;;;;;;;
;;;;;;;;;;;;;;;;;
;;;;;;;;;;;;;;;;;
;;;;;;;;;;;;;;;;;
;;;;;;;;;;;;;;;;;
;;;;;;;;;;;;;;;;;
;;;;;;;;;;;;;;;;;
;;;;;;;;;;;;;;;;;
;;;;;;;;;;;;;;;;;
;;;;;;;;;;;;;;;;;
;;;;;;;;;;;;;;;;;
;;;;;;;;;;;;;;;;;
;;;;;;;;;;;;;;;;;
;;;;;;;;;;;;;;;;;
;;;;;;;;;;;;;;;;;
;;;;;;;;;;;;;;;;;
;;;;;;;;;;;;;;;;;
;;;;;;;;;;;;;;;;;
;;;;;;;;;;;;;;;;;
;;;;;;;;;;;;;;;;;
;;;;;;;;;;;;;;;;;
;;;;;;;;;;;;;;;;;
;;;;;;;;;;;;;;;;;
;;;;;;;;;;;;;;;;;
;;;;;;;;;;;;;;;;;
;;;;;;;;;;;;;;;;;
;;;;;;;;;;;;;;;;;
;;;;;;;;;;;;;;;;;
;;;;;;;;;;;;;;;;;
;;;;;;;;;;;;;;;;;
;;;;;;;;;;;;;;;;;
;;;;;;;;;;;;;;;;;
;;;;;;;;;;;;;;;;;
;;;;;;;;;;;;;;;;;
;;;;;;;;;;;;;;;;;
;;;;;;;;;;;;;;;;;
;;;;;;;;;;;;;;;;;
;;;;;;;;;;;;;;;;;
;;;;;;;;;;;;;;;;;
;;;;;;;;;;;;;;;;;
;;;;;;;;;;;;;;;;;
;;;;;;;;;;;;;;;;;
;;;;;;;;;;;;;;;;;
;;;;;;;;;;;;;;;;;
;;;;;;;;;;;;;;;;;
;;;;;;;;;;;;;;;;;
;;;;;;;;;;;;;;;;;
;;;;;;;;;;;;;;;;;
;;;;;;;;;;;;;;;;;
;;;;;;;;;;;;;;;;;
;;;;;;;;;;;;;;;;;
;;;;;;;;;;;;;;;;;
;;;;;;;;;;;;;;;;;
;;;;;;;;;;;;;;;;;
;;;;;;;;;;;;;;;;;
;;;;;;;;;;;;;;;;;
;;;;;;;;;;;;;;;;;
;;;;;;;;;;;;;;;;;
;;;;;;;;;;;;;;;;;
;;;;;;;;;;;;;;;;;
;;;;;;;;;;;;;;;;;
;;;;;;;;;;;;;;;;;
;;;;;;;;;;;;;;;;;
;;;;;;;;;;;;;;;;;
;;;;;;;;;;;;;;;;;
;;;;;;;;;;;;;;;;;
;;;;;;;;;;;;;;;;;
;;;;;;;;;;;;;;;;;
;;;;;;;;;;;;;;;;;
;;;;;;;;;;;;;;;;;
;;;;;;;;;;;;;;;;;
;;;;;;;;;;;;;;;;;
;;;;;;;;;;;;;;;;;
;;;;;;;;;;;;;;;;;
;;;;;;;;;;;;;;;;;
;;;;;;;;;;;;;;;;;
;;;;;;;;;;;;;;;;;
;;;;;;;;;;;;;;;;;
;;;;;;;;;;;;;;;;;
;;;;;;;;;;;;;;;;;
;;;;;;;;;;;;;;;;;
;;;;;;;;;;;;;;;;;
;;;;;;;;;;;;;;;;;
;;;;;;;;;;;;;;;;;
;;;;;;;;;;;;;;;;;
;;;;;;;;;;;;;;;;;
;;;;;;;;;;;;;;;;;
;;;;;;;;;;;;;;;;;
;;;;;;;;;;;;;;;;;
;;;;;;;;;;;;;;;;;
;;;;;;;;;;;;;;;;;
;;;;;;;;;;;;;;;;;
;;;;;;;;;;;;;;;;;
;;;;;;;;;;;;;;;;;
;;;;;;;;;;;;;;;;;
;;;;;;;;;;;;;;;;;
;;;;;;;;;;;;;;;;;
;;;;;;;;;;;;;;;;;
;;;;;;;;;;;;;;;;;
;;;;;;;;;;;;;;;;;
;;;;;;;;;;;;;;;;;
;;;;;;;;;;;;;;;;;
;;;;;;;;;;;;;;;;;
;;;;;;;;;;;;;;;;;
;;;;;;;;;;;;;;;;;
;;;;;;;;;;;;;;;;;
;;;;;;;;;;;;;;;;;
;;;;;;;;;;;;;;;;;
;;;;;;;;;;;;;;;;;
;;;;;;;;;;;;;;;;;
;;;;;;;;;;;;;;;;;
;;;;;;;;;;;;;;;;;
;;;;;;;;;;;;;;;;;
;;;;;;;;;;;;;;;;;
;;;;;;;;;;;;;;;;;
;;;;;;;;;;;;;;;;;
;;;;;;;;;;;;;;;;;
;;;;;;;;;;;;;;;;;
;;;;;;;;;;;;;;;;;
;;;;;;;;;;;;;;;;;
;;;;;;;;;;;;;;;;;
;;;;;;;;;;;;;;;;;
;;;;;;;;;;;;;;;;;
;;;;;;;;;;;;;;;;;
;;;;;;;;;;;;;;;;;
;;;;;;;;;;;;;;;;;
;;;;;;;;;;;;;;;;;
;;;;;;;;;;;;;;;;;
;;;;;;;;;;;;;;;;;
;;;;;;;;;;;;;;;;;
;;;;;;;;;;;;;;;;;
;;;;;;;;;;;;;;;;;
;;;;;;;;;;;;;;;;;
;;;;;;;;;;;;;;;;;
;;;;;;;;;;;;;;;;;
;;;;;;;;;;;;;;;;;
;;;;;;;;;;;;;;;;;
;;;;;;;;;;;;;;;;;
;;;;;;;;;;;;;;;;;
;;;;;;;;;;;;;;;;;
;;;;;;;;;;;;;;;;;
;;;;;;;;;;;;;;;;;
;;;;;;;;;;;;;;;;;
;;;;;;;;;;;;;;;;;
;;;;;;;;;;;;;;;;;
;;;;;;;;;;;;;;;;;
;;;;;;;;;;;;;;;;;
;;;;;;;;;;;;;;;;;
;;;;;;;;;;;;;;;;;
;;;;;;;;;;;;;;;;;
;;;;;;;;;;;;;;;;;
;;;;;;;;;;;;;;;;;
;;;;;;;;;;;;;;;;;
;;;;;;;;;;;;;;;;;
;;;;;;;;;;;;;;;;;
;;;;;;;;;;;;;;;;;
;;;;;;;;;;;;;;;;;
;;;;;;;;;;;;;;;;;
;;;;;;;;;;;;;;;;;
;;;;;;;;;;;;;;;;;
;;;;;;;;;;;;;;;;;
;;;;;;;;;;;;;;;;;
;;;;;;;;;;;;;;;;;
;;;;;;;;;;;;;;;;;
;;;;;;;;;;;;;;;;;
;;;;;;;;;;;;;;;;;
;;;;;;;;;;;;;;;;;
;;;;;;;;;;;;;;;;;
;;;;;;;;;;;;;;;;;
;;;;;;;;;;;;;;;;;
;;;;;;;;;;;;;;;;;
;;;;;;;;;;;;;;;;;
;;;;;;;;;;;;;;;;;
;;;;;;;;;;;;;;;;;
;;;;;;;;;;;;;;;;;
;;;;;;;;;;;;;;;;;
;;;;;;;;;;;;;;;;;
;;;;;;;;;;;;;;;;;
;;;;;;;;;;;;;;;;;
;;;;;;;;;;;;;;;;;
;;;;;;;;;;;;;;;;;
;;;;;;;;;;;;;;;;;
;;;;;;;;;;;;;;;;;
;;;;;;;;;;;;;;;;;
;;;;;;;;;;;;;;;;;
;;;;;;;;;;;;;;;;;
;;;;;;;;;;;;;;;;;
;;;;;;;;;;;;;;;;;
;;;;;;;;;;;;;;;;;
;;;;;;;;;;;;;;;;;
;;;;;;;;;;;;;;;;;
;;;;;;;;;;;;;;;;;
;;;;;;;;;;;;;;;;;
;;;;;;;;;;;;;;;;;
;;;;;;;;;;;;;;;;;
;;;;;;;;;;;;;;;;;
;;;;;;;;;;;;;;;;;
;;;;;;;;;;;;;;;;;
;;;;;;;;;;;;;;;;;
;;;;;;;;;;;;;;;;;
;;;;;;;;;;;;;;;;;
;;;;;;;;;;;;;;;;;
;;;;;;;;;;;;;;;;;
;;;;;;;;;;;;;;;;;
;;;;;;;;;;;;;;;;;
;;;;;;;;;;;;;;;;;
;;;;;;;;;;;;;;;;;
;;;;;;;;;;;;;;;;;
;;;;;;;;;;;;;;;;;
;;;;;;;;;;;;;;;;;
;;;;;;;;;;;;;;;;;
;;;;;;;;;;;;;;;;;
;;;;;;;;;;;;;;;;;
;;;;;;;;;;;;;;;;;
;;;;;;;;;;;;;;;;;
;;;;;;;;;;;;;;;;;
;;;;;;;;;;;;;;;;;
;;;;;;;;;;;;;;;;;
;;;;;;;;;;;;;;;;;
;;;;;;;;;;;;;;;;;
;;;;;;;;;;;;;;;;;
;;;;;;;;;;;;;;;;;
;;;;;;;;;;;;;;;;;
;;;;;;;;;;;;;;;;;
;;;;;;;;;;;;;;;;;
;;;;;;;;;;;;;;;;;
;;;;;;;;;;;;;;;;;
;;;;;;;;;;;;;;;;;
;;;;;;;;;;;;;;;;;
;;;;;;;;;;;;;;;;;
;;;;;;;;;;;;;;;;;
;;;;;;;;;;;;;;;;;
;;;;;;;;;;;;;;;;;
;;;;;;;;;;;;;;;;;
;;;;;;;;;;;;;;;;;
;;;;;;;;;;;;;;;;;
;;;;;;;;;;;;;;;;;
;;;;;;;;;;;;;;;;;
;;;;;;;;;;;;;;;;;
;;;;;;;;;;;;;;;;;
;;;;;;;;;;;;;;;;;
;;;;;;;;;;;;;;;;;
;;;;;;;;;;;;;;;;;
;;;;;;;;;;;;;;;;;
;;;;;;;;;;;;;;;;;
;;;;;;;;;;;;;;;;;
;;;;;;;;;;;;;;;;;
;;;;;;;;;;;;;;;;;
;;;;;;;;;;;;;;;;;
;;;;;;;;;;;;;;;;;
;;;;;;;;;;;;;;;;;
;;;;;;;;;;;;;;;;;
;;;;;;;;;;;;;;;;;
;;;;;;;;;;;;;;;;;
;;;;;;;;;;;;;;;;;
;;;;;;;;;;;;;;;;;
;;;;;;;;;;;;;;;;;
;;;;;;;;;;;;;;;;;
;;;;;;;;;;;;;;;;;
;;;;;;;;;;;;;;;;;
;;;;;;;;;;;;;;;;;
;;;;;;;;;;;;;;;;;
;;;;;;;;;;;;;;;;;
;;;;;;;;;;;;;;;;;
;;;;;;;;;;;;;;;;;
;;;;;;;;;;;;;;;;;
;;;;;;;;;;;;;;;;;
;;;;;;;;;;;;;;;;;
;;;;;;;;;;;;;;;;;
;;;;;;;;;;;;;;;;;
;;;;;;;;;;;;;;;;;
;;;;;;;;;;;;;;;;;
;;;;;;;;;;;;;;;;;
;;;;;;;;;;;;;;;;;
;;;;;;;;;;;;;;;;;
;;;;;;;;;;;;;;;;;
;;;;;;;;;;;;;;;;;
;;;;;;;;;;;;;;;;;
;;;;;;;;;;;;;;;;;
;;;;;;;;;;;;;;;;;
;;;;;;;;;;;;;;;;;
;;;;;;;;;;;;;;;;;
;;;;;;;;;;;;;;;;;
;;;;;;;;;;;;;;;;;
;;;;;;;;;;;;;;;;;
;;;;;;;;;;;;;;;;;
;;;;;;;;;;;;;;;;;
;;;;;;;;;;;;;;;;;
;;;;;;;;;;;;;;;;;
;;;;;;;;;;;;;;;;;
;;;;;;;;;;;;;;;;;
;;;;;;;;;;;;;;;;;
;;;;;;;;;;;;;;;;;
;;;;;;;;;;;;;;;;;
;;;;;;;;;;;;;;;;;
;;;;;;;;;;;;;;;;;
;;;;;;;;;;;;;;;;;
;;;;;;;;;;;;;;;;;
;;;;;;;;;;;;;;;;;
;;;;;;;;;;;;;;;;;
;;;;;;;;;;;;;;;;;
;;;;;;;;;;;;;;;;;
;;;;;;;;;;;;;;;;;
;;;;;;;;;;;;;;;;;
;;;;;;;;;;;;;;;;;
;;;;;;;;;;;;;;;;;
;;;;;;;;;;;;;;;;;
;;;;;;;;;;;;;;;;;
;;;;;;;;;;;;;;;;;
;;;;;;;;;;;;;;;;;
;;;;;;;;;;;;;;;;;
;;;;;;;;;;;;;;;;;
;;;;;;;;;;;;;;;;;
;;;;;;;;;;;;;;;;;
;;;;;;;;;;;;;;;;;
;;;;;;;;;;;;;;;;;
;;;;;;;;;;;;;;;;;
;;;;;;;;;;;;;;;;;
;;;;;;;;;;;;;;;;;
;;;;;;;;;;;;;;;;;
;;;;;;;;;;;;;;;;;
;;;;;;;;;;;;;;;;;
;;;;;;;;;;;;;;;;;
;;;;;;;;;;;;;;;;;
;;;;;;;;;;;;;;;;;
;;;;;;;;;;;;;;;;;
;;;;;;;;;;;;;;;;;
;;;;;;;;;;;;;;;;;
;;;;;;;;;;;;;;;;;
;;;;;;;;;;;;;;;;;
;;;;;;;;;;;;;;;;;
;;;;;;;;;;;;;;;;;
;;;;;;;;;;;;;;;;;
;;;;;;;;;;;;;;;;;
;;;;;;;;;;;;;;;;;
;;;;;;;;;;;;;;;;;
;;;;;;;;;;;;;;;;;
;;;;;;;;;;;;;;;;;
;;;;;;;;;;;;;;;;;
;;;;;;;;;;;;;;;;;
;;;;;;;;;;;;;;;;;
;;;;;;;;;;;;;;;;;
;;;;;;;;;;;;;;;;;
;;;;;;;;;;;;;;;;;
;;;;;;;;;;;;;;;;;
;;;;;;;;;;;;;;;;;
;;;;;;;;;;;;;;;;;
;;;;;;;;;;;;;;;;;
;;;;;;;;;;;;;;;;;
;;;;;;;;;;;;;;;;;
;;;;;;;;;;;;;;;;;
;;;;;;;;;;;;;;;;;
;;;;;;;;;;;;;;;;;
;;;;;;;;;;;;;;;;;
;;;;;;;;;;;;;;;;;
;;;;;;;;;;;;;;;;;
;;;;;;;;;;;;;;;;;
;;;;;;;;;;;;;;;;;
;;;;;;;;;;;;;;;;;
;;;;;;;;;;;;;;;;;
;;;;;;;;;;;;;;;;;
;;;;;;;;;;;;;;;;;
;;;;;;;;;;;;;;;;;
;;;;;;;;;;;;;;;;;
;;;;;;;;;;;;;;;;;
;;;;;;;;;;;;;;;;;
;;;;;;;;;;;;;;;;;
;;;;;;;;;;;;;;;;;
;;;;;;;;;;;;;;;;;
;;;;;;;;;;;;;;;;;
;;;;;;;;;;;;;;;;;
;;;;;;;;;;;;;;;;;
;;;;;;;;;;;;;;;;;
;;;;;;;;;;;;;;;;;
;;;;;;;;;;;;;;;;;
;;;;;;;;;;;;;;;;;
;;;;;;;;;;;;;;;;;
;;;;;;;;;;;;;;;;;
;;;;;;;;;;;;;;;;;
;;;;;;;;;;;;;;;;;
;;;;;;;;;;;;;;;;;
;;;;;;;;;;;;;;;;;
;;;;;;;;;;;;;;;;;
;;;;;;;;;;;;;;;;;
;;;;;;;;;;;;;;;;;
;;;;;;;;;;;;;;;;;
;;;;;;;;;;;;;;;;;
;;;;;;;;;;;;;;;;;
;;;;;;;;;;;;;;;;;
;;;;;;;;;;;;;;;;;
;;;;;;;;;;;;;;;;;
;;;;;;;;;;;;;;;;;
;;;;;;;;;;;;;;;;;
;;;;;;;;;;;;;;;;;
;;;;;;;;;;;;;;;;;
;;;;;;;;;;;;;;;;;
;;;;;;;;;;;;;;;;;
;;;;;;;;;;;;;;;;;
;;;;;;;;;;;;;;;;;
;;;;;;;;;;;;;;;;;
;;;;;;;;;;;;;;;;;
;;;;;;;;;;;;;;;;;
;;;;;;;;;;;;;;;;;
;;;;;;;;;;;;;;;;;
;;;;;;;;;;;;;;;;;
;;;;;;;;;;;;;;;;;
;;;;;;;;;;;;;;;;;
;;;;;;;;;;;;;;;;;
;;;;;;;;;;;;;;;;;
;;;;;;;;;;;;;;;;;
;;;;;;;;;;;;;;;;;
;;;;;;;;;;;;;;;;;
;;;;;;;;;;;;;;;;;
;;;;;;;;;;;;;;;;;
;;;;;;;;;;;;;;;;;
;;;;;;;;;;;;;;;;;
;;;;;;;;;;;;;;;;;
;;;;;;;;;;;;;;;;;
;;;;;;;;;;;;;;;;;
;;;;;;;;;;;;;;;;;
;;;;;;;;;;;;;;;;;
;;;;;;;;;;;;;;;;;
;;;;;;;;;;;;;;;;;
;;;;;;;;;;;;;;;;;
;;;;;;;;;;;;;;;;;
;;;;;;;;;;;;;;;;;
;;;;;;;;;;;;;;;;;
;;;;;;;;;;;;;;;;;
;;;;;;;;;;;;;;;;;
;;;;;;;;;;;;;;;;;
;;;;;;;;;;;;;;;;;
;;;;;;;;;;;;;;;;;
;;;;;;;;;;;;;;;;;
;;;;;;;;;;;;;;;;;
;;;;;;;;;;;;;;;;;
;;;;;;;;;;;;;;;;;
;;;;;;;;;;;;;;;;;
;;;;;;;;;;;;;;;;;
;;;;;;;;;;;;;;;;;
;;;;;;;;;;;;;;;;;
;;;;;;;;;;;;;;;;;
;;;;;;;;;;;;;;;;;
;;;;;;;;;;;;;;;;;
;;;;;;;;;;;;;;;;;
;;;;;;;;;;;;;;;;;
;;;;;;;;;;;;;;;;;
;;;;;;;;;;;;;;;;;
;;;;;;;;;;;;;;;;;
;;;;;;;;;;;;;;;;;
;;;;;;;;;;;;;;;;;
;;;;;;;;;;;;;;;;;
;;;;;;;;;;;;;;;;;
;;;;;;;;;;;;;;;;;
;;;;;;;;;;;;;;;;;
;;;;;;;;;;;;;;;;;
;;;;;;;;;;;;;;;;;
;;;;;;;;;;;;;;;;;
;;;;;;;;;;;;;;;;;
;;;;;;;;;;;;;;;;;
;;;;;;;;;;;;;;;;;
;;;;;;;;;;;;;;;;;
;;;;;;;;;;;;;;;;;
;;;;;;;;;;;;;;;;;
;;;;;;;;;;;;;;;;;
;;;;;;;;;;;;;;;;;
;;;;;;;;;;;;;;;;;
;;;;;;;;;;;;;;;;;
;;;;;;;;;;;;;;;;;
;;;;;;;;;;;;;;;;;
;;;;;;;;;;;;;;;;;
;;;;;;;;;;;;;;;;;
;;;;;;;;;;;;;;;;;
;;;;;;;;;;;;;;;;;
;;;;;;;;;;;;;;;;;
;;;;;;;;;;;;;;;;;
;;;;;;;;;;;;;;;;;
;;;;;;;;;;;;;;;;;
;;;;;;;;;;;;;;;;;
;;;;;;;;;;;;;;;;;
;;;;;;;;;;;;;;;;;
;;;;;;;;;;;;;;;;;
;;;;;;;;;;;;;;;;;
;;;;;;;;;;;;;;;;;
;;;;;;;;;;;;;;;;;
;;;;;;;;;;;;;;;;;
;;;;;;;;;;;;;;;;;
;;;;;;;;;;;;;;;;;
;;;;;;;;;;;;;;;;;
;;;;;;;;;;;;;;;;;